1836 2828
230 259 314 299 sine
351 260 526 300 subiecto
564 263 795 309 usurpatum
836 262 1060 299 constanter
1098 259 1272 300 dativum
1316 259 1478 300 subiecti
1519 260 1630 310 logici

227 330 441 372 adsciscat.
480 335 523 371 ut
555 330 711 379 Madvig
747 326 975 371 asseverare
1011 330 1173 379 videtur,
1212 329 1259 371 cf.
1290 330 1411 371 Thuc.
1441 331 1456 369 I
1494 332 1566 381 93,
1604 332 1630 371 3

226 404 388 454 ὑπῆρκτο
416 400 471 452 (==
498 402 521 453 ἡ
551 398 646 453 ἀρχὴ
676 400 884 454 ἐπεποίητο)
914 393 945 438 δ’
976 401 1087 440 αὑτοῦ
1114 399 1284 454 πρότερον
1312 402 1411 448 κτὰ,
1441 401 1455 439 Ι
1488 400 1575 451 124,
1608 402 1626 441 1

227 472 434 524 νομίσαντες
463 471 496 515 ἐς
525 469 688 524 ἀνάγκην
717 470 898 523 ἀφῖχθαι,
939 471 1004 510 VII
1034 471 1105 519 75,
1145 472 1171 509 6
1201 471 1235 515 ἐς
1262 471 1339 510 οἵαν
1366 469 1541 524 τελευτὴν
1570 473 1631 511 καὶ

232 541 476 595 ταπεινότητα
504 542 635 595 ἀφῖκτο
663 546 699 582 et
729 542 827 582 Xen.
858 541 1003 590 Vectig.
1039 541 1071 590 1,
1104 541 1137 580 1.

358 613 588 653 Locutiones
626 612 886 663 Herodoteas,
923 624 1025 663 quae
1064 612 1139 652 huc
1178 613 1393 663 pertinent,
1431 613 1630 655 divisimus

227 685 265 723 in
295 684 393 724 duas
422 687 574 734 partes:
594 684 650 734 A)
679 685 791 724 Actio
820 687 889 724 aut
917 687 1042 723 status
1071 684 1230 734 quidam
1258 684 1486 734 exprimitur
1513 685 1629 724 abso-

228 755 318 794 lute.
378 754 432 806 B)
479 755 704 794 Subiectum
746 754 911 803 logicum
955 754 1113 807 ponitur
1154 755 1193 795 in
1235 754 1340 794 nudo
1387 754 1519 795 dativo
1562 758 1631 794 aut

228 826 267 865 in
311 838 406 865 casu
450 838 474 866 a
516 826 804 875 praepositione
846 837 1046 875 suspenso
1103 826 1143 865 ln
1187 825 1460 867 enumerandis
1502 826 1631 866 verbis

230 896 405 936 ordinem
435 895 632 946 alphabeti
660 907 876 936 servamus

902 994 951 1032 A.

359 1071 401 1121 a)
431 1070 678 1120 βεβούλευται,
709 1070 773 1109 Vll
798 1062 885 1121 103,
915 1071 938 1109 7
961 1070 1196 1120 βεβούλευται
1224 1070 1288 1124 μὲν
1317 1064 1419 1109 οὐδὲν
1447 1066 1552 1125 ἧσσον
1577 1067 1628 1110 εὖ.

358 1141 396 1192 b)
423 1140 670 1195 προελήλατο,
709 1142 760 1180 IX
790 1143 855 1190 44,
884 1142 909 1179 3
941 1144 988 1187 ὡς
1017 1135 1057 1179 δὲ
1084 1141 1205 1195 πρόσω
1232 1146 1297 1194 τῆς
1325 1142 1450 1186 νυκτὸς
1477 1140 1630 1196 προελή-

226 1214 319 1250 λατο
354 1224 464 1251 »cum
495 1212 660 1250 multum
689 1212 813 1250 noctis
843 1213 1132 1261 processisset«.
1173 1212 1230 1251 Cf.
1261 1212 1416 1251 Sallust.
1445 1211 1535 1260 Jug.
1566 1212 1630 1262 21,

228 1283 264 1331 2,
302 1283 368 1320 ubi
407 1282 632 1331 plerumque
669 1282 795 1320 noctis
825 1283 1023 1331 processit.
1081 1282 1304 1321 Subiectum
1335 1282 1397 1320 hic
1425 1283 1550 1331 deest,
1588 1287 1631 1321 ut

229 1352 349 1402 (Her.)
380 1353 410 1390 ΙΙ
444 1352 515 1390 121
548 1355 596 1395 ὡς
625 1346 664 1389 δὲ
683 1352 802 1405 πρόσω
822 1348 864 1405 ἦν
883 1356 948 1404 τῆς
967 1351 1103 1396 νυκτός.
1135 1352 1315 1391 Similiter
1343 1352 1570 1391 Heliodorus
1591 1353 1630 1391 in

228 1422 404 1471 Aethiop.
427 1423 440 1460 Ι
474 1423 522 1461 14
547 1421 634 1460 τότε
663 1422 732 1475 γὰρ
761 1422 854 1460 πολὺ
881 1427 947 1475 τῆς
975 1422 1100 1466 νυκτὸς
1127 1421 1272 1475 προέβη.
1303 1423 1408 1461 Raro
1436 1422 1489 1461 ita
1517 1434 1630 1461 usur-

227 1496 344 1542 patur
373 1505 409 1530 v.
439 1491 679 1546 προελήλατο,
720 1492 784 1531 alii
812 1493 1042 1544 scriptores,
1087 1496 1131 1530 ut
1158 1495 1262 1531 recte
1290 1492 1513 1531 observavit
1539 1492 1630 1531 Val-

228 1562 406 1612 ckenaer‚
446 1563 496 1601 ad
526 1562 689 1602 eandem
719 1573 801 1602 rem
831 1562 1122 1612 exprimendam
1154 1566 1316 1601 utuntur
1352 1562 1629 1601 locutionibus:

226 1634 364 1685 πολλῆς
391 1632 529 1680 νυκτός,
559 1633 636 1686 περὶ
665 1632 774 1686 μέσας
803 1632 942 1681 νύκτας,
975 1631 1148 1686 μεσούσης
1177 1632 1303 1677 νυκτός
1332 1633 1416 1671 sim.

358 1708 393 1749 c)
421 1704 583 1752 καίεται,
623 1705 652 1742 ΙΙ
682 1704 752 1753 62,
790 1704 840 1744 10
868 1705 929 1741 καὶ
957 1705 1050 1741 οὕτω
1080 1705 1146 1741 οὐκ
1176 1703 1212 1741 ἐν
1240 1701 1307 1741 Σάι
1335 1703 1445 1758 μούνῃ
1475 1704 1626 1756 καίεται,

228 1774 326 1812 ἀλλὰ
355 1775 416 1812 καὶ
445 1774 514 1811 ἀνὰ
541 1779 660 1812 πᾶσαν
692 1773 886 1828 Αἴγυπτον.

356 1845 401 1892 d)
427 1843 597 1898 λέγεται,
637 1845 687 1883 IV
721 1845 808 1895 110,
851 1845 869 1883 1
902 1843 1165 1898 Σαυροματέων
1194 1838 1234 1882 δὲ
1262 1844 1339 1898 πέρι
1368 1837 1439 1883 ὧδε
1466 1843 1626 1898 λέγεται.

358 1916 393 1966 e)
424 1909 647 1953 διελέλειπτο
674 1927 780 1954 »war
799 1916 859 1955 ein
880 1915 1196 1955 Zwisohenraum
1223 1916 1418 1963 gelassem
1444 1916 1626 1964 Krueger.

226 1986 291 2023 Vll
319 1986 393 2034 40,
433 1987 457 2023 5
485 1989 532 2037 τῇ
574 1979 612 2022 δὲ
651 1986 879 2038 ὑπερημίσεες
916 1981 1016 2037 ἦσαν,
1058 1985 1222 2022 ἐνθαῦτα
1251 1979 1471 2023 διελέλειπτο
1500 1986 1561 2022 καὶ
1587 1987 1628 2022 οὐ

226 2054 434 2108 συνέμισγον
462 2050 561 2092 οὗτοι
590 2054 738 2102 βασιλέι.
768 2055 834 2093 VII
864 2056 927 2104 41,
962 2057 1010 2094 14
1039 2054 1135 2107 μετὰ
1164 2048 1203 2092 δὲ
1230 2052 1298 2107 τὴν
1325 2057 1431 2092 ἵππον
1460 2049 1628 2093 διελέλει-

225 2138 297 2162 πτο
314 2125 344 2173 1)
375 2125 436 2162 καὶ
467 2117 530 2161 δύο
559 2118 722 2168 σταδίους
750 2125 811 2162 καὶ
840 2127 964 2163 ἔπειτα
992 2127 1011 2162 ὁ
1039 2124 1160 2169 λοιπὰς
1188 2125 1308 2177 ὅμιλός
1335 2123 1389 2177 ἤιε
1418 2122 1558 2178 ἀναμίξ.

309 2298 332 2338 ¹)
357 2297 413 2330 V11
436 2295 488 2336 41,
514 2295 557 2329 14
578 2296 763 2338 διελέλειπτο]
789 2296 907 2329 διέλειπε
929 2297 1020 2338 PRs,
1052 2296 1172 2329 διέλειπε(
1193 2308 1224 2329 τε
1246 2296 1325 2331 ABd
1349 2295 1497 2339 (διελιίπτε
1518 2307 1549 2327 τε
1572 2296 1626 2339 C);

356 2359 446 2390 recte
479 2357 625 2390 correxit
655 2357 833 2399 Schweigh
853 2368 860 2389 ε
891 2357 1066 2390 διελελειπτο
1089 2360 1122 2391 et
1146 2357 1314 2400 plerisque
1343 2356 1529 2391 editoribus
1552 2367 1626 2398 per-

357 2417 474 2450 suasit.
501 2416 729 2459 Plusquampf.
756 2418 906 2458 postulat
928 2418 1015 2451 ratio
1039 2418 1225 2458 syntectica
1248 2417 1300 2459 (cf.
1326 2416 1403 2449 ibid.
1430 2426 1460 2449 v.
1487 2414 1535 2449 13'
1551 2417 1626 2450 τοῖσι

359 2474 390 2507 δὲ
421 2474 543 2520 μυρίοισι
573 2474 745 2508 ἐπετέτακτο
772 2475 860 2513 ἵππος
884 2499 891 2507 .
917 2499 925 2507 .
949 2499 957 2508 .
982 2486 1055 2519 cap.
1081 2476 1134 2517 40,
1164 2476 1193 2509 5.
1219 2475 1295 2516 15.).
1342 2475 1436 2518 lmpf.
1460 2473 1624 2517 διελείπετο,

357 2536 448 2578 quod
472 2536 599 2579 recepit
622 2536 656 2569 in
680 2539 808 2570 textum
833 2536 1002 2576 Schaefer,
1027 2536 1192 2579 displicet.
1233 2536 1327 2570 Stein
1349 2535 1462 2570 minus
1487 2535 1626 2569 feliciter
