1836 2828
791 124 1064 168 ..41-

228 256 312 298 οὕτε
339 258 422 312 ἡμῖν
449 261 570 302 κακῶς
598 256 860 310 βεβουλευμένα
890 259 1000 295 ἔσται.
1059 256 1222 297 Notetux'
1250 256 1289 296 in
1317 256 1391 297 hoc
1420 256 1620 298 enuntiato

235 334 359 369 neutr.
390 329 488 378 plur.
519 328 575 367 Cf.
607 329 787 376 Krueger,
817 329 874 366 Di.
906 330 968 371 56,
1006 331 1037 376 1,
1067 328 1104 365 2.

359 399 391 447 c)
421 395 606 451 ἐξεύρηταί
640 411 717 447 τινι,
754 397 805 436 lV
842 397 906 448 61,
947 397 1051 436 1-2
1087 401 1153 450 τῆς
1181 390 1222 435 δὲ
1250 401 1316 451 γῆς
1343 402 1408 450 τῆς
1442 396 1627 451 Σκυθικῆς

227 472 327 511 αἰνῶς
355 466 488 514 ἀξύλου
518 467 641 518 ἐούσης
667 461 739 504 ὧδέ
773 479 832 518 σφι
866 467 900 510 ὲς
927 465 994 518 τὴν
1028 464 1150 518 ἕψησιν
1177 472 1252 503 τῶν
1279 473 1393 518 κρεῶν
1422 465 1625 519 ἐξεύρηται.

230 539 306 577 ΡιὉ
332 530 405 575 ὧδε
432 535 560 586 aptius
588 539 690 576 esset
716 530 865 586 τοιόνδε,
895 548 992 577 cave
1020 540 1152 577 tamen
1179 536 1386 587 quiequam
1405 537 1620 587 suspiceris.

355 608 399 657 d)
425 608 711 659 νενομοθέτηταί
737 621 814 656 τινι,
842 608 872 646 11
906 608 970 657 41,
1006 608 1058 646 28
1092 608 1153 644 καὶ
1181 607 1250 660 γὰρ
1278 609 1356 660 περὶ
1381 613 1502 645 ταῦτα
1529 607 1625 645 οὕτω

229 689 289 729 σφι
315 676 613 730 νενομοθέτηται.

357 749 389 798 e)
418 746 570 801 ὑπάρχει
607 762 666 801 μοι
703 747 935 801 πεποιημένα,
976 748 1010 786 V
1052 749 1140 798 103,
1178 750 1285 787 4—6
1325 747 1441 793 Ἴωνες
1479 743 1519 786 δὲ
1553 753 1620 801 τῆς

230 815 435 871 Ἀθηναίων
454 819 658 871 συμμαχίης
677 817 927 871 στερηθέντες,
956 818 1052 856 οὔτω
1071 817 1142 871 γάρ
1161 831 1219 871 σφι
1238 821 1377 871 ὑπῆρχε
1404 818 1626 872 πεποιημένα

229 889 263 932 ἐς
282 887 439 941 Δαρεῖον,
469 882 570 926 οὐδὲν
598 881 644 940 δὴ
671 884 779 940 ἧσσον
805 887 870 925 τὸν
897 888 981 940 πρὸς
1009 888 1159 936 βασιλέα
1186 888 1344 941 πόλεμον
1372 887 1622 939 ἐσκευάζοντο.

229 958 478 997 Enuntiatum
505 958 581 997 hoc
608 958 782 997 subiecto
810 958 1034 997 destitutum
1063 957 1174 1009 (οὔτω
1203 980 1237 991 ω
1255 958 1493 1011 πεποιημένα)
1520 959 1623 998 idem

227 1028 417 1075 siguificat
452 1031 591 1077 atque:
625 1029 719 1065 οὕτω
748 1026 817 1080 γάρ
857 1040 916 1080 σφι
953 1027 1148 1080 προτέροισι
1188 1024 1230 1080 ἦν
1265 1028 1487 1083 πεποιημένα
1516 1028 1551 1072 ἐς
1578 1027 1621 1066 Δ.

228 1098 284 1139 De
319 1098 477 1138 notione
513 1111 550 1137 v,
579 1096 751 1152 ὑπάρχειν
778 1101 817 1138 et
843 1104 954 1137 ποιεῖν
981 1098 1016 1143 ἐς
1043 1111 1132 1138 cum
1161 1111 1288 1139 accus
1317 1099 1451 1139 videas
1479 1099 1621 1139 Herod·

228 1170 279 1207 IX
307 1170 373 1221 78,
403 1169 539 1207 9—10
565 1169 626 1206 καί
652 1182 705 1212 τις
733 1170 875 1221 ’ὕστερον
903 1167 1130 1222 φυλάσσηται
1146 1175 1219 1206 τῶν
1240 1168 1425 1223 βαρβάρων
1444 1167 1494 1223 μὴ
1513 1167 1624 1222 ὑπάρ-

226 1253 303 1291 χειν
332 1243 419 1291 ἔργα
448 1237 649 1276 ἀτάσθαλα
683 1238 812 1276 ποιέων
840 1239 874 1282 ἐς
909 1239 992 1282 τοὺς
1018 1236 1216 1291 Ἕλληνας.
1281 1237 1492 1292 (Ὑπάρχειν
1531 1251 1621 1277 cum

229 1308 452 1359 (superfluo)
489 1307 653 1362 πρότεροι
691 1308 860 1357 iungitur
886 1308 937 1347 VI
969 1308 1056 1358 133,
1091 1309 1116 1347 3
1144 1311 1176 1346 οἱ
1204 1307 1330 1362 Πάριοι
1357 1307 1514 1362 ὑπῆρξαν
1541 1308 1625 1361 πρό-

226 1392 321 1431 τεροι
348 1379 649 1431 στρατευόμενοι).
706 1379 792 1417 Huc
829 1378 978 1418 aocedit
1004 1380 1122 1418 etiam
1151 1379 1219 1417 VII
1252 1379 1340 1429 152,
1380 1380 1428 1418 11
1457 1382 1552 1417 οὓτω
1579 1372 1623 1432 δὴ

227 1450 292 1486 οὐκ
323 1447 507 1502 Ἀργείοισι
536 1451 704 1502 αἴσχιστα
727 1449 929 1501 πεποίηται.
953 1447 1130 1503 Αἴσχιστα
1157 1449 1430 1489 adverbialiter
1456 1449 1624 1500 positum

227 1523 270 1558 ut
298 1519 532 1569 ἀβουλότατα
575 1519 712 1559 Herod.
741 1519 807 1557 Vll
835 1508 900 1568 93,
929 1518 953 1557 2
984 1519 1124 1557 ἐώθασι
1143 1516 1321 1572 Ἕλληνες
1337 1550 1345 1558 .
1364 1549 1372 1557 .
1391 1519 1623 1569 ἀβουλότατα

226 1588 403 1642 πολέμους
430 1590 616 1627 ἴστασὲαι.

347 1659 395 1711 J)
423 1660 553 1700 Verba
579 1660 747 1700 dicendi:
777 1659 816 1711 α)
846 1661 975 1714 εἴρητο,
1006 1661 1141 1715 εἴρηταί
1167 1674 1234 1699 τινι
1253 1660 1287 1699 V
1307 1661 1371 1711 54,
1403 1662 1508 1701 1-3
1526 1660 1623 1699 οὕτω

227 1736 280 1779 τῷ
309 1728 474 1783 Μιλησίῳ
504 1729 736 1783 Ἀρισταγόρῃ
766 1733 903 1769 εἴπαντι
925 1761 933 1770 .
956 1761 965 1769 .
988 1761 996 1769 .
1019 1761 1027 1769 .
1051 1733 1145 1780 (acc.
1174 1744 1207 1770 c.
1234 1731 1316 1779 inf.)
1344 1732 1464 1784 ὀρέτῶς
1492 1733 1621 1784 εἴρητο.

225 1800 358 1851 V155,
386 1801 411 1839 3
440 1799 579 1838 ἄλλοισι
596 1800 666 1854 γὰρ
694 1801 772 1854 περὶ
799 1802 919 1840 αὐτῶν
947 1794 1102 1856 εἴρηται;
1133 1801 1297 1855 εἰρημένα
1325 1801 1401 1840 ἐστί
1429 1814 1518 1841 cum
1543 1801 1622 1840 dat.

224 1871 275 1910 IV
303 1872 371 1921 32,
410 1872 534 1910 5-6
563 1869 646 1908 ἀλλ’
675 1865 828 1921 Ἡσιόδῳ
857 1872 922 1924 μέν
956 1872 1031 1909 ἐστι
1068 1873 1146 1924 περὶ
1174 1870 1416 1924 Ὑπερβορέων
1445 1872 1625 1926 εἰρημέναῖ

227 1945 301 1980 ἐστι
340 1935 381 1980 δὲ
417 1942 478 1980 καὶ
506 1939 657 1995 Ὁμήρῳ
695 1941 731 1980 ἐν
761 1939 983 1996 Ἐπιγόνοισι.
1042 1942 1199 1993 [Locum
1235 1942 1339 1981 hunc
1376 1942 1516 1981 iniuria
1552 1953 1623 1991 pro

226 2013 357 2062 spurio
385 2012 523 2051 habuit
551 2012 674 2061 Wolf,
704 2013 874 2061 Prolegg.
904 2025 940 2062 p.
972 2012 1118 2060 CLVII;
1147 2012 1194 2052 cf.
1224 2024 1260 2052 a.
1281 2012 1319 2051 h.
1340 2012 1362 2052 l.
1382 2012 1471 2051 adn.
1502 2013 1623 2050 Krue-

226 2081 504 2133 ger.-Poekeli].

356 2152 395 2204 β)
422 2153 583 2206 λέγεται,
612 2152 802 2206 λελέχθω,
832 2154 961 2203 11187,
990 2153 1016 2192 3
1044 2154 1106 2191 καὶ
1123 2151 1192 2206 γάρ
1226 2151 1281 2190 ἐπ’
1309 2152 1493 2205 ἀμφότερα
1523 2153 1622 2204 λέγε·

224 2237 285 2261 ται
299 2223 367 2262 v'md
387 2221 565 2277 Περσέων,
586 2224 616 2262 Π
642 2223 728 2273 125,
755 2223 803 2262 13
826 2222 1003 2277 λελέχθω
1023 2223 1093 2276 γὰρ
1111 2224 1195 2277 ἡμῖν
1214 2221 1270 2261 ἐπ’
1290 2222 1484 2276 ἀμφότερα,
1506 2220 1622 2260 κατά-

224 2308 289 2348 περ
316 2294 476 2348 λέγεται.
507 2294 694 2334 Conferas
723 2294 898 2344 Thucyd.
920 2294 970 2332 VI
990 2295 1053 2344 60,
1083 2294 1110 2333 2
1136 2292 1193 2332 ἐπ’
1213 2293 1397 2347 ἀμφότερα
1426 2293 1496 2346 γὰρ
1525 2291 1623 2330 εἰκά-

226 2364 338 2414 ζεται.

356 2432 617 2478 Adnotatio.
675 2434 986 2484 Enuntiationes,
1023 2446 1122 2484 quas
1152 2434 1337 2486 dicimus,
1371 2434 1621 2483 interpositae

225 2505 516 2555 (parentheses),
544 2509 588 2544 ut
614 2508 662 2549 ὡς
692 2506 847 2558 εἴρηται,
887 2507 934 2548 ὡς
961 2503 1111 2558 λέγεται
1146 2505 1230 2543 sim.
1259 2515 1338 2542 non
1366 2508 1623 2544 numerantur

353 2575 385 2599 Δ.
404 2574 467 2606 Stes·
486 2570 645 2599 uiodoixki.
679 2574 719 2599 De
735 2577 824 2600 enum..
842 2575 910 2605 subl.
928 2575 1085 2600 carentibus.
1369 2568 1389 2602 6
