1836 2828
789 147 1059 189 „22-

222 275 285 323 28,
315 277 341 313 4
369 274 505 328 ἤρχετο
534 276 578 313 τὸ
607 269 772 328 δεύτερον
799 296 835 308 ω
863 274 959 313 Ἰωσι
987 276 1153 328 γίνεσθαι
1181 275 1292 328 κακά,
1322 276 1357 315 V
1382 268 1472 326 923,
1507 279 1522 315 l
1556 271 1626 315 ἔδει

222 339 261 382 δὲ
293 375 301 383 .
333 375 341 382 .
374 375 382 383 .
414 344 585 398 Κορίνθῳ
614 345 713 383 κακοὶ
743 347 994 395 ἀναβλαστεῖν.
1035 346 1091 385 Cf.
1121 346 1171 385 Vl
1200 346 1264 395 27,
1293 346 1331 385 2.

352 416 392 468 γ)
423 414 564 454 Γίνεταί
592 430 651 469 μοι
679 428 768 455 cum
797 420 935 456 neutro
964 416 1097 456 adiect.
1127 428 1243 457 sensu
1271 417 1484 456 adverbiali
1513 430 1625 457 usur-

221 490 314 536 pato
343 490 381 526 et
409 499 497 526 cum
527 487 748 537 participio:

352 557 409 607 oq)
437 571 473 610 γ.
505 572 542 610 μ.
573 556 713 611 ἄμεινον
741 558 804 597 Vll
837 559 936 606 169,
974 559 1102 598 4—-5
1139 558 1202 597 τὸν
1235 558 1326 597 θεὸν
1355 558 1563 611 ἐπειρώτεον
1591 557 1626 597 εἴ

220 641 279 681 σφι
308 627 450 681 ἄμεινον
477 628 687 681 τιμωρέουσι
716 629 852 682 γίνεται
880 634 928 683 τῇ
959 623 1121 667 Ἑλλάδι.

351 700 407 750 βι)
437 713 473 753 γ.
504 714 542 753 μ.
573 698 714 754 ἄριστον
746 700 805 739 Vll
838 701 931 750 148,
973 701 1019 740 11
1052 698 1206 754 (πέμψαι
1232 700 1458 754 θεοπρόπους
1489 730 1497 739 .
1532 731 1539 739 .
1572 731 1580 738 .
1613 731 1622 738 .

225 770 527 823 ἐπειρησομένους)
557 771 604 815 ὥς
632 783 691 823 σφι
719 770 845 823 μέλλει
873 770 1013 824 ἄριστον
1041 771 1196 809 ποιέουσι
1224 770 1408 824 γενέσθαι.

355 841 414 893 γι)
454 855 490 895 γ.
522 855 559 894 μ.
591 841 761 895 ἐνθύμιον
790 841 869 880 VIII
899 843 971 891 54,
1010 845 1035 881 8
1064 841 1232 894 ἐνθύμιόν
1260 844 1291 879 οἱ
1320 841 1464 894 ἐγένετο
1492 839 1625 894 ἐμπρή-

221 926 322 949 σαντι
350 912 393 950 τὸ
423 911 491 965 ἱρόν
526 924 666 952 »curae
694 913 727 952 ei
757 913 827 952 fuit
855 913 1103 952 combustum
1132 913 1371 952 delubrum«
1432 913 1538 951 Rara
1567 917 1623 951 est

223 983 321 1022 haec
348 983 502 1032 locutio,
531 995 568 1021 ν.
601 985 760 1022 Passow
790 996 819 1022 s.
849 996 883 1021 v.
916 983 995 1021 ἑνθ.

353 1050 614 1095 Adnotatio.
665 1054 706 1091 Id
735 1065 856 1101 genus
884 1054 1096 1092 locutiones
1124 1054 1299 1094 subiecto
1327 1055 1503 1103 privatae
1531 1065 1617 1102 per-

219 1135 336 1172 saepe
369 1129 580 1162 occurrunt
617 1123 722 1173 apud
760 1123 966 1173 scriptores
995 1123 1164 1162 Atticos:
1209 1123 1383 1173 Thucyd.
1413 1124 1427 1162 1
1462 1124 1558 1172 118,
1598 1125 1622 1162 3

220 1193 414 1247 ἐπηρώτων
440 1193 505 1231 τὸν
531 1193 622 1232 θεὸν
651 1197 680 1232 εἰ
707 1195 920 1247 πολεμοῦσιν
949 1192 1089 1247 ἄμεινον
1118 1197 1234 1243 ἔσται,
1277 1194 1481 1245 [Xenoph.]
1509 1193 1622 1244 prl.

220 1265 358 1304 Laced.
386 1268 422 1314 8,
452 1265 477 1303 5
506 1263 658 1318 ἐπήρετο
677 1265 740 1303 τὸν
759 1264 861 1313 θεόν,
892 1268 922 1303 εἰ
940 1267 1035 1314 λῷον
1054 1266 1115 1303 καὶ
1143 1263 1284 1319 ἄμεινον
1313 1267 1366 1319 εἴη
1395 1269 1443 1318 τῇ
1473 1263 1621 1318 Σπάρτῃ

219 1336 420 1390 πειθομένῃ
450 1333 498 1380 οἷς
528 1336 634 1380 αὐτὸς
664 1336 780 1389 ἔθηκε
809 1336 935 1389 νόμοις.
966 1336 1141 1386 Xenoph.
1170 1337 1315 1385 Vectig.
1345 1340 1382 1386 6,
1412 1336 1436 1375 2
1471 1339 1501 1374 εἰ
1528 1337 1623 1385 λῷον

220 1408 281 1444 καὶ
309 1406 450 1460 ἄμεινον
489 1408 542 1460 εἴη
582 1405 625 1445 ἂν
663 1411 710 1460 τῇ
750 1407 852 1446 πόλει
890 1409 984 1445 οὕτω
1021 1406 1376 1460 κατασκευαζομένῃ.
1426 1407 1483 1446 Cf.
1513 1405 1623 1446 Plato

220 1477 328 1527 Apol.
349 1478 399 1516 41
432 1479 461 1516 B
491 1478 706 1527 similiaque
736 1477 933 1526 (Kuehner
962 1479 986 1526 ἓ
1005 1478 1097 1527 482,
1126 1479 1179 1528 9).
1212 1479 1381 1517 Parvum
1408 1478 1623 1517 sententiae

221 1548 426 1587 discrimen
457 1548 656 1597 (Kuehner
682 1550 706 1597 ξ
734 1549 834 1598 484,
865 1549 932 1596 31)
970 1560 1063 1598 prae
1091 1560 1134 1588 se
1160 1548 1287 1589 ferunt
1314 1548 1485 1588 eiusdem
1514 1548 1623 1587 verbi

219 1619 531 1658 constructiones
569 1618 868 1668 impersonales:
909 1618 961 1657 VI
1003 1619 1072 1667 12,
1115 1619 1163 1658 18
1201 1619 1284 1671 ἡμῖν
1312 1632 1356 1671 γε
1391 1617 1536 1671 κρέσσον
1563 1619 1624 1655 καὶ

219 1689 275 1726 ὅτι
303 1684 352 1726 ὧν
380 1687 473 1726 ἄλλο
501 1688 636 1727 παθεῖν
665 1689 751 1737 ἐστι,
782 1689 831 1727 Ν
852 1690 915 1738 97,
944 1689 968 1728 9
998 1687 1202 1742 πυθόμενος
1229 1687 1397 1742 πρότερον
1422 1689 1455 1727 εἴ
1472 1690 1504 1727 οἱ
1523 1689 1623 1742 φίλον

220 1761 274 1813 εἴη
303 1759 450 1812 γνώμην
482 1753 751 1807 ἀποδέκεσθαι,
792 1760 837 1798 cf.
867 1760 916 1798 IV
950 1761 1039 1811 158,
1074 1760 1132 1799 10.
1171 1759 1206 1798 V
1238 1759 1331 1808 124,
1360 1760 1398 1798 7.
1447 1759 1622 1809 Xenoph.

220 1831 410 1869 Anab4111
434 1830 467 1879 1,
497 1831 520 1868 7
551 1831 591 1868 οὐ
620 1835 730 1868 τοῦτο
758 1829 926 1883 πρότερον
956 1829 1091 1883 ἠρώτα,
1121 1829 1271 1882 πότερον
1298 1829 1405 1867 λώϊον
1434 1831 1535 1877 αὐτῷ
1563 1831 1617 1881 εἴη

218 1899 437 1953 πορεύεσθαι
465 1898 488 1952 ἢ
517 1900 643 1953 μένειν.
674 1901 718 1938 V.
745 1900 833 1938 adn.
865 1901 923 1938 Fr.
953 1900 1086 1940 Haasii
1113 1900 1163 1939 ad
1195 1900 1316 1950 [Xen.]
1348 1899 1457 1949 prl.
1479 1899 1616 1939 Laced.

220 1974 256 2019 8,
286 1972 311 2009 5
352 1971 426 2019 (ed.
456 1983 491 2009 a.
525 1971 656 2018 1833).
706 1971 983 2010 Per-sonaliter:
1022 1970 1163 2011 Herod.
1194 1971 1207 2008 I
1237 1971 1301 2019 37,
1342 1970 1392 2009 14
1422 1968 1621 2017 ἀνάπεισον,

219 2041 311 2086 ὅκως
340 2055 398 2094 μοι
427 2042 559 2094 ἀμείνω
590 2042 665 2079 ἐστὶ
691 2047 812 2079 ταῦτα
840 2043 934 2079 οὔτω
962 2040 1164 2094 ποιεόμενα.
1194 2040 1313 2090 Soph.
1335 2040 1426 2080 Oed.
1449 2042 1492 2079 R.
1518 2040 1622 2080 1368

221 2113 389 2165 κρείσσων
417 2108 520 2166 ἦσθα
548 2110 678 2165 μήκετ’
705 2110 755 2149 ὢν
781 2110 804 2164 ἢ
834 2111 905 2162 ζῶν
933 2111 1079 2163 τυφλός.

352 2176 389 2233 ὃ)
417 2196 454 2235 γ.
485 2197 523 2235 μ.
555 2182 653 2220 κατὰ
681 2182 770 2230 νόον,
801 2182 866 2220 VII
899 2182 992 2231 104,
1023 2181 1075 2220 25
1103 2180 1241 2234 γένοιτο
1269 2180 1390 2234 μέντοι
1418 2181 1517 2220 κατὰ
1544 2180 1622 2219 νόον

217 2268 295 2301 τοι,
332 2254 499 2302 βασιλεῦ,
539 2253 604 2290 VII
638 2253 725 2301 150,
767 2252 926 2291 12—13
954 2250 997 2305 ἢν
1025 2251 1095 2305 γὰρ
1124 2252 1202 2305 ἐμοὶ
1229 2251 1378 2306 ’γένηται
1405 2252 1504 2291 κατὰ
1532 2252 1622 2290 νόον.

351 2325 386 2374 e)
415 2323 557 2362 Γίνεταί
585 2338 643 2377 μοι
672 2324 781 2373 (sign.
804 2323 1037 2374 praegnans)
1065 2343 1106 2354 Ξ
1137 2319 1175 2363 εὖ
1206 2323 1359 2374 (καλῶς)
1388 2337 1424 2377 γ.
1455 2338 1513 2377 μη
1542 2324 1624 2363 VIII

219 2396 292 2445 60,
331 2398 384 2435 34
397 2420 447 2426 --
460 2396 513 2436 35
550 2395 675 2434 οἰκότα
713 2395 776 2449 μέν
815 2410 874 2433 νυν
912 2394 1194 2449 βουλευομένοισι
1239 2394 1458 2449 ἀνθρώποισι
1495 2398 1543 2440 ὡς
1579 2395 1648 2448 τὸ.

219 2467 347 2506 ἐπίπαν
368 2467 492 2506 ἐθέλει
512 2467 678 2520 γίνεσθαι
691 2467 732 2517 1).
764 2467 871 2507 Stein
902 2479 965 2506 »es
985 2468 1100 2516 pssegt
1118 2467 1158 2506 in
1178 2466 1375 2514 Ersullung
1393 2478 1443 2505 zu
1462 2466 1617 2514 gehen«

284 2536 324 2593 Ἦ)
349 2536 432 2586 vm*
449 2554 501 2585 60.
540 2553 611 2586 Hoc
636 2556 765 2586 tantum
790 2554 864 2585 loco
890 2553 1078 2586 Herodoteo
1104 2556 1304 2594 usurpatum
1329 2554 1380 2586 est
1407 2551 1539 2595 γίνεσθαι
1568 2561 1621 2585 ra-

348 2612 436 2649 riore
466 2622 570 2645 sensu
598 2622 780 2654 »prospere
810 2613 978 2647 evenire«.
1017 2611 1069 2646 Ad
1100 2622 1204 2654 quam
1235 2611 1515 2658 significationem
1546 2621 1623 2656 pro-
