<?xml version="1.0" encoding="UTF-8"?>
<!DOCTYPE html PUBLIC "-//W3C//DTD XHTML 1.0 Transitional//EN"
    "http://www.w3.org/TR/xhtml1/DTD/xhtml1-transitional.dtd">
<html xmlns="http://www.w3.org/1999/xhtml" xml:lang="en" lang="en">
 <head>
  <title>
</title>
<meta http-equiv="Content-Type" content="text/html;charset=utf-8" />
  <meta name='ocr-system' content='tesseract 3.04.00' />
  <meta name='ocr-capabilities' content='ocr_page ocr_carea ocr_par ocr_line ocrx_word'/>
</head>
<body>
  <div class='ocr_page' id='page_1' title='image "4737892_0038.png"; bbox 0 0 1836 2828; ppageno 0'>
   <div class='ocr_carea' id='block_1_1' title="bbox 804 137 1072 187">
    <p class='ocr_par' dir='ltr' id='par_1_1' title="bbox 804 137 1072 187">
     <span class='ocr_line' id='line_1_1' title="bbox 804 137 1072 187; baseline 0.004 -16"><span class='ocrx_word' id='word_1_1' title='bbox 804 137 1072 187; x_wconf 43' lang='lat'>„23...</span> 
     </span>
    </p>
   </div>
   <div class='ocr_carea' id='block_1_2' title="bbox 233 270 1641 885">
    <p class='ocr_par' dir='ltr' id='par_1_2' title="bbox 233 270 1641 593">
     <span class='ocr_line' id='line_1_2' title="bbox 235 270 1640 326; baseline 0 -15"><span class='ocrx_word' id='word_1_2' title='bbox 235 271 608 312; x_wconf 82' lang='lat' dir='ltr'>commemoratione</span> <span class='ocrx_word' id='word_1_3' title='bbox 643 271 760 320; x_wconf 84' lang='lat' dir='ltr'>digna</span> <span class='ocrx_word' id='word_1_4' title='bbox 796 275 855 311; x_wconf 84' lang='lat' dir='ltr'>est</span> <span class='ocrx_word' id='word_1_5' title='bbox 894 271 1056 311; x_wconf 92' lang='lat' dir='ltr'>locutio:</span> <span class='ocrx_word' id='word_1_6' title='bbox 1097 270 1194 310; x_wconf 80' lang='grc' dir='ltr'><strong>οὕτω</strong></span> <span class='ocrx_word' id='word_1_7' title='bbox 1224 274 1300 326; x_wconf 77' lang='grc' dir='ltr'>ἔχει</span> <span class='ocrx_word' id='word_1_8' title='bbox 1328 284 1387 325; x_wconf 82' lang='grc' dir='ltr'><strong>μοι</strong></span> <span class='ocrx_word' id='word_1_9' title='bbox 1415 283 1504 312; x_wconf 85' lang='lat' dir='ltr'>cum</span> <span class='ocrx_word' id='word_1_10' title='bbox 1533 281 1604 320; x_wconf 76' lang='lat' dir='ltr'>gen</span> <span class='ocrx_word' id='word_1_11' title='bbox 1631 285 1640 311; x_wconf 71' lang='grc' dir='ltr'><strong><em>ε</em></strong></span> 
     </span>
     <span class='ocr_line' id='line_1_3' title="bbox 236 339 1637 396; baseline -0.001 -15"><span class='ocrx_word' id='word_1_12' title='bbox 236 342 302 381; x_wconf 88' lang='lat' dir='ltr'>VII</span> <span class='ocrx_word' id='word_1_13' title='bbox 335 343 423 392; x_wconf 89' lang='lat'>188,</span> <span class='ocrx_word' id='word_1_14' title='bbox 458 342 615 381; x_wconf 82' lang='lat'>11-13</span> <span class='ocrx_word' id='word_1_15' title='bbox 643 342 717 380; x_wconf 85' lang='grc' dir='ltr'>ὅσοι</span> <span class='ocrx_word' id='word_1_16' title='bbox 745 341 810 395; x_wconf 78' lang='grc' dir='ltr'>μέν</span> <span class='ocrx_word' id='word_1_17' title='bbox 838 356 897 379; x_wconf 90' lang='grc' dir='ltr'>νυν</span> <span class='ocrx_word' id='word_1_18' title='bbox 926 343 1047 379; x_wconf 81' lang='grc' dir='ltr'>αὐτῶν</span> <span class='ocrx_word' id='word_1_19' title='bbox 1076 339 1269 395; x_wconf 82' lang='grc' dir='ltr'><strong>αὐξόμενον</strong></span> <span class='ocrx_word' id='word_1_20' title='bbox 1298 342 1439 396; x_wconf 58' lang='grc' dir='ltr'><strong>ἔμαθον</strong></span> <span class='ocrx_word' id='word_1_21' title='bbox 1466 342 1530 380; x_wconf 77' lang='grc' dir='ltr'>τὸν</span> <span class='ocrx_word' id='word_1_22' title='bbox 1559 344 1637 380; x_wconf 77' lang='grc' dir='ltr'>ἄνε-</span> 
     </span>
     <span class='ocr_line' id='line_1_4' title="bbox 236 406 1641 466; baseline -0.001 -16"><span class='ocrx_word' id='word_1_23' title='bbox 236 426 313 465; x_wconf 84' lang='grc' dir='ltr'>μον,</span> <span class='ocrx_word' id='word_1_24' title='bbox 353 413 433 450; x_wconf 72' lang='grc' dir='ltr'>καὶ</span> <span class='ocrx_word' id='word_1_25' title='bbox 460 418 587 450; x_wconf 84' lang='grc' dir='ltr'><strong>τοῖσι</strong></span> <span class='ocrx_word' id='word_1_26' title='bbox 615 412 738 450; x_wconf 75' lang='grc' dir='ltr'><strong>οὕτω</strong></span> <span class='ocrx_word' id='word_1_27' title='bbox 768 410 872 466; x_wconf 84' lang='grc' dir='ltr'>εἶχε</span> <span class='ocrx_word' id='word_1_28' title='bbox 901 412 1047 466; x_wconf 85' lang='grc' dir='ltr'><strong>ὅρμου</strong></span> <span class='ocrx_word' id='word_1_29' title='bbox 1064 413 1117 461; x_wconf 85' lang='lat'>¹),</span> <span class='ocrx_word' id='word_1_30' title='bbox 1156 415 1188 451; x_wconf 84' lang='grc' dir='ltr'><strong>οἱ</strong></span> <span class='ocrx_word' id='word_1_31' title='bbox 1217 406 1249 452; x_wconf 69' lang='grc' dir='ltr'>δ’</span> <span class='ocrx_word' id='word_1_32' title='bbox 1278 411 1445 466; x_wconf 66' lang='grc' dir='ltr'>ἐφένησαν</span> <span class='ocrx_word' id='word_1_33' title='bbox 1472 412 1536 451; x_wconf 78' lang='grc' dir='ltr'>τὸν</span> <span class='ocrx_word' id='word_1_34' title='bbox 1565 426 1641 465; x_wconf 85' lang='grc' dir='ltr'>χει-</span> 
     </span>
     <span class='ocr_line' id='line_1_5' title="bbox 233 481 1639 535; baseline 0.001 -16"><span class='ocrx_word' id='word_1_35' title='bbox 233 488 336 535; x_wconf 72' lang='grc' dir='ltr'>μῶνα</span> <span class='ocrx_word' id='word_1_36' title='bbox 374 481 643 526; x_wconf 71' lang='grc' dir='ltr'>ἀνασπάσαντες</span> <span class='ocrx_word' id='word_1_37' title='bbox 679 482 745 526; x_wconf 83' lang='grc' dir='ltr'><strong>τοὶς</strong></span> <span class='ocrx_word' id='word_1_38' title='bbox 782 482 862 526; x_wconf 66' lang='grc' dir='ltr'>νέας</span> <span class='ocrx_word' id='word_1_39' title='bbox 899 484 982 520; x_wconf 77' lang='grc' dir='ltr'><strong>κτλ.</strong></span> <span class='ocrx_word' id='word_1_40' title='bbox 1018 482 1181 532; x_wconf 80' lang='lat' dir='ltr'>»quibus</span> <span class='ocrx_word' id='word_1_41' title='bbox 1218 482 1308 524; x_wconf 77' lang='lat' dir='ltr'>talis</span> <span class='ocrx_word' id='word_1_42' title='bbox 1344 486 1430 522; x_wconf 82' lang='lat' dir='ltr'>erat</span> <span class='ocrx_word' id='word_1_43' title='bbox 1463 482 1639 522; x_wconf 73' lang='lat' dir='ltr'>condicio</span> 
     </span>
     <span class='ocr_line' id='line_1_6' title="bbox 242 553 640 593; baseline 0 -2"><span class='ocrx_word' id='word_1_44' title='bbox 242 553 421 592; x_wconf 87' lang='lat' dir='ltr'>stationis</span> <span class='ocrx_word' id='word_1_45' title='bbox 449 553 640 593; x_wconf 81' lang='lat' dir='ltr'>navalis«.</span> 
     </span>
    </p>

    <p class='ocr_par' dir='ltr' id='par_1_3' title="bbox 233 619 1638 885">
     <span class='ocr_line' id='line_1_7' title="bbox 365 619 1638 676; baseline 0.001 -15"><span class='ocrx_word' id='word_1_46' title='bbox 365 622 464 662; x_wconf 88' lang='lat' dir='ltr'>Cum</span> <span class='ocrx_word' id='word_1_47' title='bbox 493 623 678 669; x_wconf 77' lang='lat' dir='ltr'>subiecto,</span> <span class='ocrx_word' id='word_1_48' title='bbox 719 624 748 661; x_wconf 89' lang='lat' dir='ltr'>ll</span> <span class='ocrx_word' id='word_1_49' title='bbox 778 623 842 673; x_wconf 84' lang='grc'>26,</span> <span class='ocrx_word' id='word_1_50' title='bbox 871 624 896 661; x_wconf 90' lang='grc'>8</span> <span class='ocrx_word' id='word_1_51' title='bbox 926 625 956 661; x_wconf 84' lang='grc' dir='ltr'>εἰ</span> <span class='ocrx_word' id='word_1_52' title='bbox 982 627 1103 662; x_wconf 73' lang='grc' dir='ltr'>ταῦτα</span> <span class='ocrx_word' id='word_1_53' title='bbox 1130 622 1227 661; x_wconf 78' lang='grc' dir='ltr'><strong>οὔτω</strong></span> <span class='ocrx_word' id='word_1_54' title='bbox 1256 619 1345 676; x_wconf 81' lang='grc' dir='ltr'>εἶχε,</span> <span class='ocrx_word' id='word_1_55' title='bbox 1390 622 1484 668; x_wconf 85' lang='grc'>138,</span> <span class='ocrx_word' id='word_1_56' title='bbox 1513 622 1568 662; x_wconf 86' lang='grc'>20</span> <span class='ocrx_word' id='word_1_57' title='bbox 1593 622 1638 661; x_wconf 78' lang='grc' dir='ltr'>τὸ</span> 
     </span>
     <span class='ocr_line' id='line_1_8' title="bbox 233 687 1636 747; baseline 0.001 -17"><span class='ocrx_word' id='word_1_58' title='bbox 233 693 298 745; x_wconf 83' lang='grc' dir='ltr'>μὲν</span> <span class='ocrx_word' id='word_1_59' title='bbox 327 687 372 747; x_wconf 79' lang='grc' dir='ltr'>δὴ</span> <span class='ocrx_word' id='word_1_60' title='bbox 401 694 470 747; x_wconf 76' lang='grc' dir='ltr'>ἱρὸν</span> <span class='ocrx_word' id='word_1_61' title='bbox 498 699 607 732; x_wconf 83' lang='grc' dir='ltr'><strong>τοῦτο</strong></span> <span class='ocrx_word' id='word_1_62' title='bbox 636 694 732 732; x_wconf 76' lang='grc' dir='ltr'><strong>οὕτω</strong></span> <span class='ocrx_word' id='word_1_63' title='bbox 763 697 859 747; x_wconf 81' lang='grc' dir='ltr'>ἔχει,</span> <span class='ocrx_word' id='word_1_64' title='bbox 899 695 944 732; x_wconf 88' lang='lat' dir='ltr'>Ill</span> <span class='ocrx_word' id='word_1_65' title='bbox 974 695 1047 744; x_wconf 87' lang='lat'>70,</span> <span class='ocrx_word' id='word_1_66' title='bbox 1087 696 1113 733; x_wconf 82' lang='lat'>4</span> <span class='ocrx_word' id='word_1_67' title='bbox 1151 693 1364 732; x_wconf 80' lang='grc' dir='ltr'><strong>ὑπώπτευον</strong></span> <span class='ocrx_word' id='word_1_68' title='bbox 1400 693 1498 732; x_wconf 77' lang='grc' dir='ltr'><strong>οὕτω</strong></span> <span class='ocrx_word' id='word_1_69' title='bbox 1525 698 1636 732; x_wconf 80' lang='grc' dir='ltr'><strong>τοῦτο</strong></span> 
     </span>
     <span class='ocr_line' id='line_1_9' title="bbox 236 764 1636 818; baseline 0.001 -15"><span class='ocrx_word' id='word_1_70' title='bbox 236 768 343 818; x_wconf 73' lang='grc' dir='ltr'>ἔχειν,</span> <span class='ocrx_word' id='word_1_71' title='bbox 378 765 466 815; x_wconf 91' lang='grc'>155,</span> <span class='ocrx_word' id='word_1_72' title='bbox 496 765 549 804; x_wconf 86' lang='grc'>20</span> <span class='ocrx_word' id='word_1_73' title='bbox 567 765 689 810; x_wconf 70' lang='grc' dir='ltr'><strong>πείσας</strong></span> <span class='ocrx_word' id='word_1_74' title='bbox 708 764 816 818; x_wconf 81' lang='grc' dir='ltr'><strong>σφέας</strong></span> <span class='ocrx_word' id='word_1_75' title='bbox 843 770 963 803; x_wconf 68' lang='grc' dir='ltr'>ταῦτα</span> <span class='ocrx_word' id='word_1_76' title='bbox 992 768 1084 814; x_wconf 82' lang='grc' dir='ltr'>ἔχειν</span> <span class='ocrx_word' id='word_1_77' title='bbox 1112 764 1221 813; x_wconf 72' lang='grc' dir='ltr'><strong>οὕτω,</strong></span> <span class='ocrx_word' id='word_1_78' title='bbox 1251 764 1298 804; x_wconf 81' lang='lat' dir='ltr'>ef.</span> <span class='ocrx_word' id='word_1_79' title='bbox 1320 764 1370 804; x_wconf 89' lang='lat' dir='ltr'>IV</span> <span class='ocrx_word' id='word_1_80' title='bbox 1389 764 1455 817; x_wconf 82' lang='lat'>58,</span> <span class='ocrx_word' id='word_1_81' title='bbox 1476 764 1513 804; x_wconf 86' lang='lat'>5.</span> <span class='ocrx_word' id='word_1_82' title='bbox 1545 764 1636 813; x_wconf 81' lang='lat'>154,</span> 
     </span>
     <span class='ocr_line' id='line_1_10' title="bbox 235 833 1475 885; baseline 0 -12"><span class='ocrx_word' id='word_1_83' title='bbox 235 835 297 874; x_wconf 88' lang='grc'>10.</span> <span class='ocrx_word' id='word_1_84' title='bbox 332 836 419 885; x_wconf 90' lang='grc'>187,</span> <span class='ocrx_word' id='word_1_85' title='bbox 452 835 485 873; x_wconf 92' lang='grc'>1.</span> <span class='ocrx_word' id='word_1_86' title='bbox 516 834 551 873; x_wconf 94' lang='lat' dir='ltr'>V</span> <span class='ocrx_word' id='word_1_87' title='bbox 584 835 644 884; x_wconf 88' lang='lat'>13,</span> <span class='ocrx_word' id='word_1_88' title='bbox 682 835 738 874; x_wconf 81' lang='lat'>15.</span> <span class='ocrx_word' id='word_1_89' title='bbox 771 835 818 873; x_wconf 82' lang='lat' dir='ltr'>Vl</span> <span class='ocrx_word' id='word_1_90' title='bbox 847 835 911 883; x_wconf 83' lang='lat'>31,</span> <span class='ocrx_word' id='word_1_91' title='bbox 944 835 978 873; x_wconf 93' lang='lat'>1.</span> <span class='ocrx_word' id='word_1_92' title='bbox 1013 835 1100 885; x_wconf 87' lang='lat'>119,</span> <span class='ocrx_word' id='word_1_93' title='bbox 1130 834 1194 874; x_wconf 88' lang='grc'>22.</span> <span class='ocrx_word' id='word_1_94' title='bbox 1223 833 1290 874; x_wconf 79' lang='lat' dir='ltr'>Vll</span> <span class='ocrx_word' id='word_1_95' title='bbox 1322 835 1410 884; x_wconf 87' lang='lat'>133,</span> <span class='ocrx_word' id='word_1_96' title='bbox 1442 834 1475 873; x_wconf 83' lang='lat'>1.</span> 
     </span>
    </p>
   </div>
   <div class='ocr_carea' id='block_1_3' title="bbox 235 933 488 938">
    <p class='ocr_par' dir='ltr' id='par_1_4' title="bbox 235 933 488 938">
     <span class='ocr_line' id='line_1_11' title="bbox 235 933 488 938; baseline 0 0"><span class='ocrx_word' id='word_1_97' title='bbox 235 933 488 938; x_wconf 95' lang='lat' dir='ltr'> </span> 
     </span>
    </p>
   </div>
   <div class='ocr_carea' id='block_1_4' title="bbox 319 989 1638 2583">
    <p class='ocr_par' dir='ltr' id='par_1_5' title="bbox 319 989 1638 2583">
     <span class='ocr_line' id='line_1_12' title="bbox 319 989 1637 1036; baseline -0.002 -9"><span class='ocrx_word' id='word_1_98' title='bbox 319 995 341 1036; x_wconf 88' lang='lat'>¹)</span> <span class='ocrx_word' id='word_1_99' title='bbox 366 995 424 1028; x_wconf 83' lang='lat' dir='ltr'>VII</span> <span class='ocrx_word' id='word_1_100' title='bbox 449 994 512 1026; x_wconf 88' lang='lat'>188</span> <span class='ocrx_word' id='word_1_101' title='bbox 535 995 608 1025; x_wconf 81' lang='grc' dir='ltr'><strong>τοῖσι</strong></span> <span class='ocrx_word' id='word_1_102' title='bbox 631 993 709 1024; x_wconf 76' lang='grc' dir='ltr'><strong>οὕτω</strong></span> <span class='ocrx_word' id='word_1_103' title='bbox 734 989 794 1036; x_wconf 75' lang='grc' dir='ltr'>εἶχε</span> <span class='ocrx_word' id='word_1_104' title='bbox 818 992 931 1036; x_wconf 80' lang='grc' dir='ltr'><strong>ὅρμου].</strong></span> <span class='ocrx_word' id='word_1_105' title='bbox 961 992 1078 1036; x_wconf 67' lang='lat' dir='ltr'>“opp-00</span> <span class='ocrx_word' id='word_1_106' title='bbox 1101 1003 1176 1035; x_wconf 86' lang='lat' dir='ltr'>gen.</span> <span class='ocrx_word' id='word_1_107' title='bbox 1200 993 1383 1034; x_wconf 75' lang='lat' dir='ltr'>relationi8‚</span> <span class='ocrx_word' id='word_1_108' title='bbox 1408 1003 1509 1034; x_wconf 86' lang='lat' dir='ltr'>quem</span> <span class='ocrx_word' id='word_1_109' title='bbox 1533 1002 1637 1034; x_wconf 83' lang='lat' dir='ltr'>saepe</span> 
     </span>
     <span class='ocr_line' id='line_1_13' title="bbox 367 1049 1637 1096; baseline -0.001 -11"><span class='ocrx_word' id='word_1_110' title='bbox 367 1052 458 1096; x_wconf 80' lang='lat' dir='ltr'>apud</span> <span class='ocrx_word' id='word_1_111' title='bbox 482 1052 689 1086; x_wconf 86' lang='lat' dir='ltr'>Herodotum</span> <span class='ocrx_word' id='word_1_112' title='bbox 714 1053 909 1087; x_wconf 84' lang='lat' dir='ltr'>adsciscunt</span> <span class='ocrx_word' id='word_1_113' title='bbox 932 1053 1121 1087; x_wconf 66' lang='lat' dir='ltr'>locutiones</span> <span class='ocrx_word' id='word_1_114' title='bbox 1144 1052 1194 1094; x_wconf 77' lang='grc' dir='ltr'>ὡς,</span> <span class='ocrx_word' id='word_1_115' title='bbox 1217 1049 1258 1094; x_wconf 73' lang='grc' dir='ltr'>εὖ,</span> <span class='ocrx_word' id='word_1_116' title='bbox 1280 1052 1387 1093; x_wconf 82' lang='grc' dir='ltr'><strong>καλῶς,</strong></span> <span class='ocrx_word' id='word_1_117' title='bbox 1417 1051 1538 1096; x_wconf 74' lang='grc' dir='ltr'><strong>μετρίως</strong></span> <span class='ocrx_word' id='word_1_118' title='bbox 1560 1051 1637 1095; x_wconf 80' lang='grc' dir='ltr'>ἔχειν</span> 
     </span>
     <span class='ocr_line' id='line_1_14' title="bbox 365 1112 1638 1154; baseline 0.002 -10"><span class='ocrx_word' id='word_1_119' title='bbox 365 1113 419 1145; x_wconf 90' lang='lat' dir='ltr'>vel</span> <span class='ocrx_word' id='word_1_120' title='bbox 442 1112 526 1152; x_wconf 81' lang='grc' dir='ltr'>ἥκειν.</span> <span class='ocrx_word' id='word_1_121' title='bbox 551 1112 645 1154; x_wconf 87' lang='lat' dir='ltr'><strong>Quae</strong></span> <span class='ocrx_word' id='word_1_122' title='bbox 667 1112 854 1145; x_wconf 85' lang='lat' dir='ltr'>enuntiatio</span> <span class='ocrx_word' id='word_1_123' title='bbox 871 1112 1021 1145; x_wconf 85' lang='lat' dir='ltr'>insolens</span> <span class='ocrx_word' id='word_1_124' title='bbox 1038 1112 1174 1154; x_wconf 86' lang='lat' dir='ltr'>quidem</span> <span class='ocrx_word' id='word_1_125' title='bbox 1198 1115 1259 1153; x_wconf 86' lang='lat' dir='ltr'>est,</span> <span class='ocrx_word' id='word_1_126' title='bbox 1282 1112 1434 1154; x_wconf 81' lang='lat' dir='ltr'>alioquin</span> <span class='ocrx_word' id='word_1_127' title='bbox 1457 1112 1549 1148; x_wconf 87' lang='lat' dir='ltr'>enim</span> <span class='ocrx_word' id='word_1_128' title='bbox 1572 1112 1638 1147; x_wconf 83' lang='lat' dir='ltr'>He-</span> 
     </span>
     <span class='ocr_line' id='line_1_15' title="bbox 365 1170 1637 1216; baseline 0 -11"><span class='ocrx_word' id='word_1_129' title='bbox 365 1172 505 1206; x_wconf 85' lang='lat' dir='ltr'>rodotus</span> <span class='ocrx_word' id='word_1_130' title='bbox 529 1175 724 1207; x_wconf 85' lang='lat' dir='ltr'>constanter</span> <span class='ocrx_word' id='word_1_131' title='bbox 752 1170 827 1216; x_wconf 78' lang='grc' dir='ltr'>ἔχειν</span> <span class='ocrx_word' id='word_1_132' title='bbox 855 1182 975 1206; x_wconf 81' lang='lat' dir='ltr'>vocem</span> <span class='ocrx_word' id='word_1_133' title='bbox 998 1182 1076 1205; x_wconf 89' lang='lat' dir='ltr'>cum</span> <span class='ocrx_word' id='word_1_134' title='bbox 1100 1172 1177 1206; x_wconf 83' lang='lat' dir='ltr'>adv.</span> <span class='ocrx_word' id='word_1_135' title='bbox 1203 1175 1236 1206; x_wconf 91' lang='lat' dir='ltr'>et</span> <span class='ocrx_word' id='word_1_136' title='bbox 1258 1182 1332 1215; x_wconf 80' lang='lat' dir='ltr'>geu.</span> <span class='ocrx_word' id='word_1_137' title='bbox 1357 1172 1451 1206; x_wconf 86' lang='lat' dir='ltr'>relat.</span> <span class='ocrx_word' id='word_1_138' title='bbox 1477 1181 1637 1215; x_wconf 84' lang='lat' dir='ltr'>persona-</span> 
     </span>
     <span class='ocr_line' id='line_1_16' title="bbox 364 1227 1634 1273; baseline 0 -10"><span class='ocrx_word' id='word_1_139' title='bbox 364 1232 440 1264; x_wconf 85' lang='lat' dir='ltr'>liter</span> <span class='ocrx_word' id='word_1_140' title='bbox 463 1231 651 1272; x_wconf 86' lang='lat' dir='ltr'>usurpavit‚</span> <span class='ocrx_word' id='word_1_141' title='bbox 673 1231 766 1263; x_wconf 83' lang='lat' dir='ltr'>velut</span> <span class='ocrx_word' id='word_1_142' title='bbox 788 1231 832 1263; x_wconf 91' lang='lat' dir='ltr'>IX</span> <span class='ocrx_word' id='word_1_143' title='bbox 856 1231 908 1267; x_wconf 80' lang='lat'>59.</span> <span class='ocrx_word' id='word_1_144' title='bbox 932 1231 952 1263; x_wconf 91' lang='grc'><strong>9</strong></span> <span class='ocrx_word' id='word_1_145' title='bbox 975 1230 1015 1267; x_wconf 78' lang='grc' dir='ltr'>ὡς</span> <span class='ocrx_word' id='word_1_146' title='bbox 1031 1232 1129 1262; x_wconf 84' lang='grc' dir='ltr'>ποδῶν</span> <span class='ocrx_word' id='word_1_147' title='bbox 1145 1230 1259 1262; x_wconf 81' lang='grc' dir='ltr'><strong>ἕκαστοι</strong></span> <span class='ocrx_word' id='word_1_148' title='bbox 1282 1227 1362 1273; x_wconf 80' lang='grc' dir='ltr'><strong>εἶχον</strong></span> <span class='ocrx_word' id='word_1_149' title='bbox 1383 1231 1530 1272; x_wconf 79' lang='lat' dir='ltr'>aliaque.</span> <span class='ocrx_word' id='word_1_150' title='bbox 1557 1241 1634 1265; x_wconf 89' lang='lat' dir='ltr'>cum</span> 
     </span>
     <span class='ocr_line' id='line_1_17' title="bbox 363 1289 1636 1332; baseline 0 -9"><span class='ocrx_word' id='word_1_151' title='bbox 363 1293 478 1323; x_wconf 83' lang='lat' dir='ltr'>tamen</span> <span class='ocrx_word' id='word_1_152' title='bbox 502 1290 579 1324; x_wconf 87' lang='lat' dir='ltr'>talis</span> <span class='ocrx_word' id='word_1_153' title='bbox 604 1290 648 1323; x_wconf 88' lang='lat' dir='ltr'>sit</span> <span class='ocrx_word' id='word_1_154' title='bbox 671 1290 836 1323; x_wconf 86' lang='lat' dir='ltr'>memoria</span> <span class='ocrx_word' id='word_1_155' title='bbox 859 1289 965 1330; x_wconf 75' lang='lat' dir='ltr'>codd.⁷</span> <span class='ocrx_word' id='word_1_156' title='bbox 990 1290 1154 1332; x_wconf 83' lang='lat' dir='ltr'>integram</span> <span class='ocrx_word' id='word_1_157' title='bbox 1178 1300 1253 1324; x_wconf 88' lang='lat' dir='ltr'>eam</span> <span class='ocrx_word' id='word_1_158' title='bbox 1278 1290 1463 1324; x_wconf 82' lang='lat' dir='ltr'>editoribus</span> <span class='ocrx_word' id='word_1_159' title='bbox 1491 1300 1636 1324; x_wconf 80' lang='lat' dir='ltr'>consen-</span> 
     </span>
     <span class='ocr_line' id='line_1_18' title="bbox 364 1349 1634 1391; baseline 0 -9"><span class='ocrx_word' id='word_1_160' title='bbox 364 1350 485 1383; x_wconf 88' lang='lat' dir='ltr'>tientes</span> <span class='ocrx_word' id='word_1_161' title='bbox 509 1350 703 1382; x_wconf 88' lang='lat' dir='ltr'>retinemus.</span> <span class='ocrx_word' id='word_1_162' title='bbox 750 1349 881 1382; x_wconf 84' lang='lat' dir='ltr'>Eodem·</span> <span class='ocrx_word' id='word_1_163' title='bbox 908 1350 1009 1382; x_wconf 91' lang='lat' dir='ltr'>modo</span> <span class='ocrx_word' id='word_1_164' title='bbox 1039 1353 1256 1391; x_wconf 86' lang='lat' dir='ltr'>comparatus</span> <span class='ocrx_word' id='word_1_165' title='bbox 1286 1350 1550 1390; x_wconf 88' lang='lat' dir='ltr'>tractandusque</span> <span class='ocrx_word' id='word_1_166' title='bbox 1582 1353 1634 1382; x_wconf 84' lang='lat' dir='ltr'>est</span> 
     </span>
     <span class='ocr_line' id='line_1_19' title="bbox 362 1407 1635 1453; baseline -0.002 -11"><span class='ocrx_word' id='word_1_167' title='bbox 362 1410 459 1442; x_wconf 84' lang='lat' dir='ltr'>locus</span> <span class='ocrx_word' id='word_1_168' title='bbox 490 1408 764 1451; x_wconf 76' lang='lat' dir='ltr'>Thucydidis</span> <span class='ocrx_word' id='word_1_169' title='bbox 795 1409 851 1443; x_wconf 82' lang='lat' dir='ltr'>Vll</span> <span class='ocrx_word' id='word_1_170' title='bbox 873 1409 925 1450; x_wconf 77' lang='lat'>57,</span> <span class='ocrx_word' id='word_1_171' title='bbox 959 1409 976 1442; x_wconf 96' lang='lat'>1</span> <span class='ocrx_word' id='word_1_172' title='bbox 1006 1407 1046 1446; x_wconf 76' lang='grc' dir='ltr'>ὧς</span> <span class='ocrx_word' id='word_1_173' title='bbox 1069 1407 1199 1447; x_wconf 70' lang='grc' dir='ltr'><strong>ἑκάστοις</strong></span> <span class='ocrx_word' id='word_1_174' title='bbox 1221 1411 1271 1450; x_wconf 70' lang='grc' dir='ltr'>τῆς</span> <span class='ocrx_word' id='word_1_175' title='bbox 1293 1408 1440 1453; x_wconf 77' lang='grc' dir='ltr'>ξυντυχίας</span> <span class='ocrx_word' id='word_1_176' title='bbox 1462 1409 1480 1449; x_wconf 79' lang='grc' dir='ltr'>ἢ</span> <span class='ocrx_word' id='word_1_177' title='bbox 1502 1408 1577 1441; x_wconf 70' lang='grc' dir='ltr'><strong>κατὰ</strong></span> <span class='ocrx_word' id='word_1_178' title='bbox 1601 1408 1635 1440; x_wconf 67' lang='grc' dir='ltr'>τὸ</span> 
     </span>
     <span class='ocr_line' id='line_1_20' title="bbox 362 1466 1635 1512; baseline 0.001 -12"><span class='ocrx_word' id='word_1_179' title='bbox 362 1468 502 1512; x_wconf 80' lang='grc' dir='ltr'>ξυμφέρον</span> <span class='ocrx_word' id='word_1_180' title='bbox 524 1469 542 1508; x_wconf 82' lang='grc' dir='ltr'>ἢ</span> <span class='ocrx_word' id='word_1_181' title='bbox 565 1467 676 1512; x_wconf 75' lang='grc' dir='ltr'>ἀνάγκῃ</span> <span class='ocrx_word' id='word_1_182' title='bbox 706 1466 802 1511; x_wconf 77' lang='grc' dir='ltr'>ἔσχεν.</span> <span class='ocrx_word' id='word_1_183' title='bbox 836 1467 989 1505; x_wconf 71' lang='grc' dir='ltr'><strong>Ἑκάστοις</strong></span> <span class='ocrx_word' id='word_1_184' title='bbox 1011 1472 1044 1502; x_wconf 84' lang='lat' dir='ltr'>et</span> <span class='ocrx_word' id='word_1_185' title='bbox 1066 1467 1152 1511; x_wconf 74' lang='grc' dir='ltr'>ἔσχεν</span> <span class='ocrx_word' id='word_1_186' title='bbox 1173 1469 1300 1502; x_wconf 79' lang='lat' dir='ltr'>hahent</span> <span class='ocrx_word' id='word_1_187' title='bbox 1322 1479 1442 1502; x_wconf 79' lang='lat' dir='ltr'>omnes</span> <span class='ocrx_word' id='word_1_188' title='bbox 1466 1469 1542 1501; x_wconf 82' lang='lat' dir='ltr'>libri</span> <span class='ocrx_word' id='word_1_189' title='bbox 1566 1479 1635 1501; x_wconf 79' lang='lat' dir='ltr'>me-</span> 
     </span>
     <span class='ocr_line' id='line_1_21' title="bbox 362 1523 1634 1571; baseline -0.001 -10"><span class='ocrx_word' id='word_1_190' title='bbox 362 1528 456 1561; x_wconf 88' lang='lat' dir='ltr'>lioris</span> <span class='ocrx_word' id='word_1_191' title='bbox 486 1532 601 1569; x_wconf 83' lang='lat' dir='ltr'>notae,</span> <span class='ocrx_word' id='word_1_192' title='bbox 632 1528 699 1561; x_wconf 90' lang='lat' dir='ltr'>nisi</span> <span class='ocrx_word' id='word_1_193' title='bbox 722 1527 812 1570; x_wconf 87' lang='lat' dir='ltr'>quod</span> <span class='ocrx_word' id='word_1_194' title='bbox 841 1528 876 1564; x_wconf 86' lang='lat' dir='ltr'>in</span> <span class='ocrx_word' id='word_1_195' title='bbox 906 1528 1071 1562; x_wconf 82' lang='lat' dir='ltr'>Vaticano</span> <span class='ocrx_word' id='word_1_196' title='bbox 1101 1528 1151 1571; x_wconf 91' lang='lat' dir='ltr'>(B)</span> <span class='ocrx_word' id='word_1_197' title='bbox 1181 1531 1264 1562; x_wconf 87' lang='lat' dir='ltr'>teste</span> <span class='ocrx_word' id='word_1_198' title='bbox 1295 1523 1446 1566; x_wconf 79' lang='lat' dir='ltr'>Bekkero</span> <span class='ocrx_word' id='word_1_199' title='bbox 1470 1527 1538 1564; x_wconf 80' lang='lat' dir='ltr'>dat.</span> <span class='ocrx_word' id='word_1_200' title='bbox 1572 1526 1634 1559; x_wconf 74' lang='grc' dir='ltr'><strong>ἑκά-</strong></span> 
     </span>
     <span class='ocr_line' id='line_1_22' title="bbox 364 1585 1630 1629; baseline -0.002 -11"><span class='ocrx_word' id='word_1_201' title='bbox 364 1598 441 1623; x_wconf 81' lang='grc' dir='ltr'><strong>στοις</strong></span> <span class='ocrx_word' id='word_1_202' title='bbox 476 1587 646 1619; x_wconf 85' lang='lat' dir='ltr'>secundae</span> <span class='ocrx_word' id='word_1_203' title='bbox 680 1587 798 1619; x_wconf 83' lang='lat' dir='ltr'>manui</span> <span class='ocrx_word' id='word_1_204' title='bbox 834 1587 974 1620; x_wconf 87' lang='lat' dir='ltr'>debetur</span> <span class='ocrx_word' id='word_1_205' title='bbox 1009 1587 1068 1628; x_wconf 90' lang='lat' dir='ltr'>(pr.</span> <span class='ocrx_word' id='word_1_206' title='bbox 1099 1597 1143 1618; x_wconf 90' lang='lat' dir='ltr'>m.</span> <span class='ocrx_word' id='word_1_207' title='bbox 1179 1586 1303 1629; x_wconf 78' lang='grc' dir='ltr'><strong>ἕκαστοι)</strong></span> <span class='ocrx_word' id='word_1_208' title='bbox 1336 1586 1462 1629; x_wconf 82' lang='lat' dir='ltr'>[Stahlz</span> <span class='ocrx_word' id='word_1_209' title='bbox 1498 1585 1630 1623; x_wconf 71' lang='grc' dir='ltr'><strong>ἔκαστοις</strong></span> 
     </span>
     <span class='ocr_line' id='line_1_23' title="bbox 366 1644 1635 1690; baseline -0.002 -10"><span class='ocrx_word' id='word_1_210' title='bbox 366 1647 444 1690; x_wconf 86' lang='lat' dir='ltr'>(sec.</span> <span class='ocrx_word' id='word_1_211' title='bbox 469 1657 513 1680; x_wconf 91' lang='lat' dir='ltr'>m.</span> <span class='ocrx_word' id='word_1_212' title='bbox 538 1646 665 1687; x_wconf 80' lang='grc' dir='ltr'><strong>ἕκαστοι)</strong></span> <span class='ocrx_word' id='word_1_213' title='bbox 687 1646 736 1689; x_wconf 93' lang='grc' dir='ltr'>Β].</span> <span class='ocrx_word' id='word_1_214' title='bbox 785 1646 961 1679; x_wconf 83' lang='lat' dir='ltr'>Lectiones</span> <span class='ocrx_word' id='word_1_215' title='bbox 985 1644 1104 1690; x_wconf 77' lang='grc' dir='ltr'>ἀνάγκη,</span> <span class='ocrx_word' id='word_1_216' title='bbox 1137 1644 1270 1689; x_wconf 78' lang='grc' dir='ltr'>ἀνάγκης,</span> <span class='ocrx_word' id='word_1_217' title='bbox 1302 1644 1427 1690; x_wconf 78' lang='grc' dir='ltr'>ἀνάγκην</span> <span class='ocrx_word' id='word_1_218' title='bbox 1449 1646 1532 1678; x_wconf 88' lang='lat' dir='ltr'>meri</span> <span class='ocrx_word' id='word_1_219' title='bbox 1556 1649 1635 1679; x_wconf 87' lang='lat' dir='ltr'>sunt</span> 
     </span>
     <span class='ocr_line' id='line_1_24' title="bbox 362 1705 1634 1754; baseline -0.001 -15"><span class='ocrx_word' id='word_1_220' title='bbox 362 1717 503 1754; x_wconf 88' lang='lat' dir='ltr'>errores.</span> <span class='ocrx_word' id='word_1_221' title='bbox 552 1707 598 1739; x_wconf 85' lang='lat' dir='ltr'>Cf.</span> <span class='ocrx_word' id='word_1_222' title='bbox 625 1707 737 1744; x_wconf 88' lang='lat' dir='ltr'>Stahl,</span> <span class='ocrx_word' id='word_1_223' title='bbox 769 1705 820 1738; x_wconf 89' lang='lat' dir='ltr'>ed.</span> <span class='ocrx_word' id='word_1_224' title='bbox 845 1706 884 1746; x_wconf 85' lang='lat' dir='ltr'>II.</span> <span class='ocrx_word' id='word_1_225' title='bbox 908 1716 983 1747; x_wconf 85' lang='lat' dir='ltr'>pag.</span> <span class='ocrx_word' id='word_1_226' title='bbox 1007 1706 1111 1738; x_wconf 86' lang='lat' dir='ltr'>XXIII</span> <span class='ocrx_word' id='word_1_227' title='bbox 1136 1709 1169 1739; x_wconf 87' lang='lat' dir='ltr'>et</span> <span class='ocrx_word' id='word_1_228' title='bbox 1192 1706 1269 1739; x_wconf 90' lang='lat' dir='ltr'>adn.</span> <span class='ocrx_word' id='word_1_229' title='bbox 1293 1706 1447 1739; x_wconf 90' lang='lat' dir='ltr'>Boehmii</span> <span class='ocrx_word' id='word_1_230' title='bbox 1469 1705 1505 1738; x_wconf 92' lang='lat' dir='ltr'>in</span> <span class='ocrx_word' id='word_1_231' title='bbox 1527 1705 1578 1738; x_wconf 90' lang='lat' dir='ltr'>ed.</span> <span class='ocrx_word' id='word_1_232' title='bbox 1603 1715 1634 1738; x_wconf 86' lang='lat' dir='ltr'>a.</span> 
     </span>
     <span class='ocr_line' id='line_1_25' title="bbox 365 1763 1634 1809; baseline -0.002 -10"><span class='ocrx_word' id='word_1_233' title='bbox 365 1765 461 1799; x_wconf 87' lang='lat'>1875.</span> <span class='ocrx_word' id='word_1_234' title='bbox 498 1766 568 1799; x_wconf 87' lang='lat' dir='ltr'>Nec</span> <span class='ocrx_word' id='word_1_235' title='bbox 592 1765 677 1798; x_wconf 89' lang='lat' dir='ltr'>levis</span> <span class='ocrx_word' id='word_1_236' title='bbox 701 1769 753 1799; x_wconf 88' lang='lat' dir='ltr'>est</span> <span class='ocrx_word' id='word_1_237' title='bbox 776 1766 939 1800; x_wconf 90' lang='lat' dir='ltr'>momenti</span> <span class='ocrx_word' id='word_1_238' title='bbox 963 1765 1138 1809; x_wconf 81' lang='lat' dir='ltr'>adnotatio</span> <span class='ocrx_word' id='word_1_239' title='bbox 1161 1765 1382 1800; x_wconf 77' lang='lat' dir='ltr'>scholiastae:</span> <span class='ocrx_word' id='word_1_240' title='bbox 1406 1767 1456 1805; x_wconf 80' lang='grc' dir='ltr'>τῆς</span> <span class='ocrx_word' id='word_1_241' title='bbox 1478 1763 1634 1808; x_wconf 76' lang='grc' dir='ltr'>ξυντυχίας·</span> 
     </span>
     <span class='ocr_line' id='line_1_26' title="bbox 362 1824 1635 1869; baseline 0.004 -13"><span class='ocrx_word' id='word_1_242' title='bbox 362 1825 430 1857; x_wconf 86' lang='grc' dir='ltr'>ἀλλ’</span> <span class='ocrx_word' id='word_1_243' title='bbox 454 1825 494 1863; x_wconf 76' lang='grc' dir='ltr'>ὡς</span> <span class='ocrx_word' id='word_1_244' title='bbox 517 1825 646 1863; x_wconf 79' lang='grc' dir='ltr'><strong>ἑκάστοις</strong></span> <span class='ocrx_word' id='word_1_245' title='bbox 670 1825 760 1869; x_wconf 58' lang='grc' dir='ltr'>(φησὶ)</span> <span class='ocrx_word' id='word_1_246' title='bbox 785 1826 935 1868; x_wconf 82' lang='grc' dir='ltr'>συνέτυχεν</span> <span class='ocrx_word' id='word_1_247' title='bbox 956 1824 1014 1859; x_wconf 77' lang='grc' dir='ltr'>κτέ.</span> <span class='ocrx_word' id='word_1_248' title='bbox 1028 1850 1036 1866; x_wconf 85' lang='grc'>,</span> <span class='ocrx_word' id='word_1_249' title='bbox 1066 1826 1156 1858; x_wconf 90' lang='lat' dir='ltr'>unde</span> <span class='ocrx_word' id='word_1_250' title='bbox 1180 1828 1288 1867; x_wconf 85' lang='lat' dir='ltr'>patet,</span> <span class='ocrx_word' id='word_1_251' title='bbox 1320 1826 1411 1859; x_wconf 86' lang='lat' dir='ltr'>hunc</span> <span class='ocrx_word' id='word_1_252' title='bbox 1440 1835 1576 1866; x_wconf 86' lang='lat' dir='ltr'>quoque</span> <span class='ocrx_word' id='word_1_253' title='bbox 1599 1825 1635 1861; x_wconf 74' lang='lat' dir='ltr'>in</span> 
     </span>
     <span class='ocr_line' id='line_1_27' title="bbox 362 1883 1633 1929; baseline -0.002 -10"><span class='ocrx_word' id='word_1_254' title='bbox 362 1895 425 1920; x_wconf 86' lang='lat' dir='ltr'>suo</span> <span class='ocrx_word' id='word_1_255' title='bbox 449 1885 535 1918; x_wconf 87' lang='lat' dir='ltr'>libro</span> <span class='ocrx_word' id='word_1_256' title='bbox 558 1885 680 1927; x_wconf 86' lang='lat' dir='ltr'>legisse</span> <span class='ocrx_word' id='word_1_257' title='bbox 703 1884 744 1923; x_wconf 77' lang='grc' dir='ltr'>ὡς</span> <span class='ocrx_word' id='word_1_258' title='bbox 766 1883 896 1923; x_wconf 75' lang='grc' dir='ltr'><strong>ἑκάστοις</strong></span> <span class='ocrx_word' id='word_1_259' title='bbox 919 1887 968 1926; x_wconf 84' lang='grc' dir='ltr'>τῆς</span> <span class='ocrx_word' id='word_1_260' title='bbox 991 1884 1138 1929; x_wconf 70' lang='grc' dir='ltr'><strong>ξυντυχίας</strong></span> <span class='ocrx_word' id='word_1_261' title='bbox 1161 1901 1195 1910; x_wconf 57' lang='grc' dir='ltr'>ω</span> <span class='ocrx_word' id='word_1_262' title='bbox 1218 1883 1310 1928; x_wconf 70' lang='grc' dir='ltr'>ἔσχεν.</span> <span class='ocrx_word' id='word_1_263' title='bbox 1336 1884 1483 1919; x_wconf 86' lang='lat' dir='ltr'>Tuemur</span> <span class='ocrx_word' id='word_1_264' title='bbox 1506 1883 1633 1929; x_wconf 84' lang='lat' dir='ltr'>itaque,</span> 
     </span>
     <span class='ocr_line' id='line_1_28' title="bbox 362 1944 1633 1986; baseline -0.002 -9"><span class='ocrx_word' id='word_1_265' title='bbox 362 1945 449 1978; x_wconf 87' lang='lat' dir='ltr'>sicut</span> <span class='ocrx_word' id='word_1_266' title='bbox 473 1945 601 1978; x_wconf 84' lang='lat' dir='ltr'>faciunt</span> <span class='ocrx_word' id='word_1_267' title='bbox 623 1945 763 1984; x_wconf 87' lang='lat' dir='ltr'>Bekker,</span> <span class='ocrx_word' id='word_1_268' title='bbox 788 1945 949 1977; x_wconf 89' lang='lat' dir='ltr'>Kuehner</span> <span class='ocrx_word' id='word_1_269' title='bbox 971 1945 991 1986; x_wconf 69' lang='grc' dir='ltr'>ξ</span> <span class='ocrx_word' id='word_1_270' title='bbox 1014 1945 1088 1984; x_wconf 76' lang='lat'>419,</span> <span class='ocrx_word' id='word_1_271' title='bbox 1113 1945 1134 1977; x_wconf 84' lang='lat'>5</span> <span class='ocrx_word' id='word_1_272' title='bbox 1158 1944 1346 1986; x_wconf 87' lang='lat' dir='ltr'>partimque</span> <span class='ocrx_word' id='word_1_273' title='bbox 1369 1944 1530 1984; x_wconf 83' lang='lat' dir='ltr'>Boehme,</span> <span class='ocrx_word' id='word_1_274' title='bbox 1554 1953 1633 1976; x_wconf 93' lang='lat' dir='ltr'>con-</span> 
     </span>
     <span class='ocr_line' id='line_1_29' title="bbox 363 2003 1634 2045; baseline -0.001 -9"><span class='ocrx_word' id='word_1_275' title='bbox 363 2004 582 2037; x_wconf 88' lang='lat' dir='ltr'>structionem</span> <span class='ocrx_word' id='word_1_276' title='bbox 599 2003 851 2045; x_wconf 77' lang='lat' dir='ltr'>Thucydideam</span> <span class='ocrx_word' id='word_1_277' title='bbox 869 2004 1021 2036; x_wconf 90' lang='lat' dir='ltr'>subiecto</span> <span class='ocrx_word' id='word_1_278' title='bbox 1037 2007 1219 2043; x_wconf 74' lang='lat' dir='ltr'>carentem,</span> <span class='ocrx_word' id='word_1_279' title='bbox 1242 2003 1334 2036; x_wconf 88' lang='lat' dir='ltr'>ducti</span> <span class='ocrx_word' id='word_1_280' title='bbox 1356 2003 1504 2036; x_wconf 86' lang='lat' dir='ltr'>maxime</span> <span class='ocrx_word' id='word_1_281' title='bbox 1519 2005 1634 2036; x_wconf 85' lang='lat' dir='ltr'>aucto-</span> 
     </span>
     <span class='ocr_line' id='line_1_30' title="bbox 362 2062 1633 2105; baseline -0.001 -10"><span class='ocrx_word' id='word_1_282' title='bbox 362 2064 460 2098; x_wconf 85' lang='lat' dir='ltr'>ritate</span> <span class='ocrx_word' id='word_1_283' title='bbox 484 2063 581 2097; x_wconf 89' lang='lat' dir='ltr'>codd.</span> <span class='ocrx_word' id='word_1_284' title='bbox 606 2063 831 2105; x_wconf 78' lang='lat' dir='ltr'>analogiaque</span> <span class='ocrx_word' id='word_1_285' title='bbox 853 2063 919 2095; x_wconf 89' lang='lat' dir='ltr'>loci</span> <span class='ocrx_word' id='word_1_286' title='bbox 942 2062 1133 2103; x_wconf 85' lang='lat' dir='ltr'>Herodotei,</span> <span class='ocrx_word' id='word_1_287' title='bbox 1158 2063 1236 2096; x_wconf 86' lang='lat' dir='ltr'>licet</span> <span class='ocrx_word' id='word_1_288' title='bbox 1258 2066 1296 2096; x_wconf 87' lang='lat' dir='ltr'>ut</span> <span class='ocrx_word' id='word_1_289' title='bbox 1318 2063 1451 2101; x_wconf 68' lang='lat' dir='ltr'>Herod„</span> <span class='ocrx_word' id='word_1_290' title='bbox 1475 2062 1521 2096; x_wconf 86' lang='lat' dir='ltr'>ita</span> <span class='ocrx_word' id='word_1_291' title='bbox 1544 2062 1633 2095; x_wconf 88' lang='lat' dir='ltr'>Thu—</span> 
     </span>
     <span class='ocr_line' id='line_1_31' title="bbox 361 2119 1632 2171; baseline -0.002 -16"><span class='ocrx_word' id='word_1_292' title='bbox 361 2121 434 2164; x_wconf 88' lang='lat' dir='ltr'>cyd.</span> <span class='ocrx_word' id='word_1_293' title='bbox 459 2122 546 2155; x_wconf 85' lang='lat' dir='ltr'>alias</span> <span class='ocrx_word' id='word_1_294' title='bbox 572 2122 712 2155; x_wconf 82' lang='lat' dir='ltr'>verbum</span> <span class='ocrx_word' id='word_1_295' title='bbox 735 2119 810 2164; x_wconf 79' lang='grc' dir='ltr'>ἔχειν</span> <span class='ocrx_word' id='word_1_296' title='bbox 832 2131 910 2155; x_wconf 87' lang='lat' dir='ltr'>cum</span> <span class='ocrx_word' id='word_1_297' title='bbox 933 2120 1016 2171; x_wconf 45' lang='lat' dir='ltr'>adv..</span> <span class='ocrx_word' id='word_1_298' title='bbox 1034 2124 1067 2155; x_wconf 85' lang='lat' dir='ltr'>et</span> <span class='ocrx_word' id='word_1_299' title='bbox 1090 2131 1166 2163; x_wconf 86' lang='lat' dir='ltr'>gen.</span> <span class='ocrx_word' id='word_1_300' title='bbox 1190 2121 1285 2158; x_wconf 82' lang='lat' dir='ltr'>relat.</span> <span class='ocrx_word' id='word_1_301' title='bbox 1309 2120 1532 2163; x_wconf 82' lang='lat' dir='ltr'>personaliter</span> <span class='ocrx_word' id='word_1_302' title='bbox 1554 2130 1632 2153; x_wconf 88' lang='lat' dir='ltr'>con·</span> 
     </span>
     <span class='ocr_line' id='line_1_32' title="bbox 361 2181 1632 2222; baseline -0.002 -7"><span class='ocrx_word' id='word_1_303' title='bbox 361 2186 484 2216; x_wconf 85' lang='lat' dir='ltr'>struat:</span> <span class='ocrx_word' id='word_1_304' title='bbox 510 2182 539 2215; x_wconf 85' lang='lat'>11</span> <span class='ocrx_word' id='word_1_305' title='bbox 562 2182 614 2221; x_wconf 91' lang='lat'>90,</span> <span class='ocrx_word' id='word_1_306' title='bbox 639 2181 669 2214; x_wconf 70' lang='lat'>4.</span> <span class='ocrx_word' id='word_1_307' title='bbox 694 2182 735 2216; x_wconf 88' lang='lat' dir='ltr'>VI</span> <span class='ocrx_word' id='word_1_308' title='bbox 757 2181 810 2219; x_wconf 89' lang='lat'>97,</span> <span class='ocrx_word' id='word_1_309' title='bbox 833 2182 863 2213; x_wconf 87' lang='grc'>3.</span> <span class='ocrx_word' id='word_1_310' title='bbox 889 2182 929 2214; x_wconf 80' lang='lat' dir='ltr'>cf.</span> <span class='ocrx_word' id='word_1_311' title='bbox 955 2182 966 2214; x_wconf 90' lang='lat' dir='ltr'>l</span> <span class='ocrx_word' id='word_1_312' title='bbox 992 2182 1044 2222; x_wconf 90' lang='grc'>22,</span> <span class='ocrx_word' id='word_1_313' title='bbox 1068 2182 1090 2214; x_wconf 82' lang='lat'><strong>3</strong></span> <span class='ocrx_word' id='word_1_314' title='bbox 1123 2182 1228 2222; x_wconf 88' lang='lat' dir='ltr'>Stahl,</span> <span class='ocrx_word' id='word_1_315' title='bbox 1253 2181 1404 2221; x_wconf 70' lang='lat' dir='ltr'>Classen,</span> <span class='ocrx_word' id='word_1_316' title='bbox 1427 2181 1632 2218; x_wconf 81' lang='lat' dir='ltr'>Herwerden</span> 
     </span>
     <span class='ocr_line' id='line_1_33' title="bbox 361 2239 1632 2284; baseline -0.002 -11"><span class='ocrx_word' id='word_1_317' title='bbox 361 2241 395 2274; x_wconf 89' lang='lat' dir='ltr'>in</span> <span class='ocrx_word' id='word_1_318' title='bbox 420 2244 512 2275; x_wconf 85' lang='lat' dir='ltr'>textu</span> <span class='ocrx_word' id='word_1_319' title='bbox 537 2244 761 2283; x_wconf 80' lang='lat' dir='ltr'>reposuerunt</span> <span class='ocrx_word' id='word_1_320' title='bbox 790 2239 830 2278; x_wconf 74' lang='grc' dir='ltr'>ὡς</span> <span class='ocrx_word' id='word_1_321' title='bbox 854 2239 969 2272; x_wconf 79' lang='grc' dir='ltr'><strong>ἔκαστοι</strong></span> <span class='ocrx_word' id='word_1_322' title='bbox 992 2258 1024 2268; x_wconf 61' lang='grc' dir='ltr'>ιν</span> <span class='ocrx_word' id='word_1_323' title='bbox 1046 2239 1136 2284; x_wconf 75' lang='grc' dir='ltr'><strong>ἔσχον</strong></span> <span class='ocrx_word' id='word_1_324' title='bbox 1158 2240 1209 2281; x_wconf 88' lang='lat' dir='ltr'>id,</span> <span class='ocrx_word' id='word_1_325' title='bbox 1244 2240 1336 2283; x_wconf 81' lang='lat' dir='ltr'>quod</span> <span class='ocrx_word' id='word_1_326' title='bbox 1359 2240 1425 2274; x_wconf 78' lang='lat' dir='ltr'>iam</span> <span class='ocrx_word' id='word_1_327' title='bbox 1450 2239 1632 2273; x_wconf 77' lang='lat' dir='ltr'>Heumann</span> 
     </span>
     <span class='ocr_line' id='line_1_34' title="bbox 361 2298 1631 2344; baseline -0.001 -10"><span class='ocrx_word' id='word_1_328' title='bbox 361 2304 394 2336; x_wconf 90' lang='lat' dir='ltr'>et</span> <span class='ocrx_word' id='word_1_329' title='bbox 416 2301 566 2336; x_wconf 87' lang='lat' dir='ltr'>Boehme</span> <span class='ocrx_word' id='word_1_330' title='bbox 590 2304 837 2344; x_wconf 75' lang='lat' dir='ltr'>proposuerant</span> <span class='ocrx_word' id='word_1_331' title='bbox 859 2301 930 2344; x_wconf 88' lang='lat' dir='ltr'>(alii</span> <span class='ocrx_word' id='word_1_332' title='bbox 953 2301 1068 2344; x_wconf 85' lang='lat' dir='ltr'>legunt</span> <span class='ocrx_word' id='word_1_333' title='bbox 1089 2299 1130 2339; x_wconf 72' lang='grc' dir='ltr'>ὡς</span> <span class='ocrx_word' id='word_1_334' title='bbox 1153 2300 1274 2339; x_wconf 75' lang='grc' dir='ltr'><strong>ἕκαστος</strong></span> <span class='ocrx_word' id='word_1_335' title='bbox 1295 2318 1328 2329; x_wconf 60' lang='grc' dir='ltr'><em>Ν</em></span> <span class='ocrx_word' id='word_1_336' title='bbox 1350 2298 1455 2344; x_wconf 84' lang='grc' dir='ltr'>ἔσχεν).</span> <span class='ocrx_word' id='word_1_337' title='bbox 1485 2299 1631 2334; x_wconf 74' lang='lat' dir='ltr'>Pax-alle-</span> 
     </span>
     <span class='ocr_line' id='line_1_35' title="bbox 362 2358 1632 2403; baseline -0.004 -8"><span class='ocrx_word' id='word_1_338' title='bbox 362 2362 432 2395; x_wconf 82' lang='lat' dir='ltr'>lam</span> <span class='ocrx_word' id='word_1_339' title='bbox 455 2361 661 2394; x_wconf 87' lang='lat' dir='ltr'>locutionem</span> <span class='ocrx_word' id='word_1_340' title='bbox 686 2361 878 2399; x_wconf 83' lang='lat' dir='ltr'>invenimus</span> <span class='ocrx_word' id='word_1_341' title='bbox 901 2361 994 2403; x_wconf 87' lang='lat' dir='ltr'>apud</span> <span class='ocrx_word' id='word_1_342' title='bbox 1016 2361 1168 2403; x_wconf 87' lang='lat' dir='ltr'>Xenoph.</span> <span class='ocrx_word' id='word_1_343' title='bbox 1193 2360 1271 2394; x_wconf 89' lang='lat' dir='ltr'>Oec.</span> <span class='ocrx_word' id='word_1_344' title='bbox 1296 2361 1327 2400; x_wconf 83' lang='grc'>2,</span> <span class='ocrx_word' id='word_1_345' title='bbox 1352 2361 1394 2393; x_wconf 93' lang='grc'>12</span> <span class='ocrx_word' id='word_1_346' title='bbox 1425 2360 1503 2391; x_wconf 73' lang='grc' dir='ltr'><strong>οὕτω</strong></span> <span class='ocrx_word' id='word_1_347' title='bbox 1526 2359 1562 2400; x_wconf 85' lang='grc' dir='ltr'>δὴ</span> <span class='ocrx_word' id='word_1_348' title='bbox 1584 2358 1632 2391; x_wconf 69' lang='grc' dir='ltr'>καὶ</span> 
     </span>
     <span class='ocr_line' id='line_1_36' title="bbox 360 2419 1629 2465; baseline -0.001 -11"><span class='ocrx_word' id='word_1_349' title='bbox 360 2420 425 2465; x_wconf 74' lang='grc' dir='ltr'><strong>ἐμοὶ</strong></span> <span class='ocrx_word' id='word_1_350' title='bbox 440 2419 500 2465; x_wconf 83' lang='grc' dir='ltr'>ἔχει</span> <span class='ocrx_word' id='word_1_351' title='bbox 515 2420 578 2465; x_wconf 74' lang='grc' dir='ltr'>περὶ</span> <span class='ocrx_word' id='word_1_352' title='bbox 596 2424 646 2463; x_wconf 81' lang='grc' dir='ltr'>τῆς</span> <span class='ocrx_word' id='word_1_353' title='bbox 662 2419 836 2465; x_wconf 78' lang='grc' dir='ltr'><strong>οἰκονομίας,</strong></span> <span class='ocrx_word' id='word_1_354' title='bbox 859 2421 918 2460; x_wconf 84' lang='lat' dir='ltr'>uhi</span> <span class='ocrx_word' id='word_1_355' title='bbox 941 2419 1004 2465; x_wconf 79' lang='grc' dir='ltr'>περί</span> <span class='ocrx_word' id='word_1_356' title='bbox 1026 2431 1104 2456; x_wconf 88' lang='lat' dir='ltr'>cum</span> <span class='ocrx_word' id='word_1_357' title='bbox 1127 2431 1202 2465; x_wconf 79' lang='lat' dir='ltr'>gen.</span> <span class='ocrx_word' id='word_1_358' title='bbox 1216 2420 1309 2457; x_wconf 87' lang='lat' dir='ltr'>nudo</span> <span class='ocrx_word' id='word_1_359' title='bbox 1331 2430 1405 2464; x_wconf 85' lang='lat' dir='ltr'>gen.</span> <span class='ocrx_word' id='word_1_360' title='bbox 1430 2419 1629 2464; x_wconf 80' lang='lat' dir='ltr'>(relationis)</span> 
     </span>
     <span class='ocr_line' id='line_1_37' title="bbox 361 2479 1629 2523; baseline -0.002 -9"><span class='ocrx_word' id='word_1_361' title='bbox 361 2482 551 2523; x_wconf 87' lang='lat' dir='ltr'>respondet.</span> <span class='ocrx_word' id='word_1_362' title='bbox 597 2482 681 2517; x_wconf 88' lang='lat' dir='ltr'>Cum</span> <span class='ocrx_word' id='word_1_363' title='bbox 706 2482 760 2514; x_wconf 85' lang='lat' dir='ltr'>his</span> <span class='ocrx_word' id='word_1_364' title='bbox 790 2481 1098 2518; x_wconf 74' lang='lat' dir='ltr'>constructionibus</span> <span class='ocrx_word' id='word_1_365' title='bbox 1122 2481 1305 2519; x_wconf 75' lang='lat' dir='ltr'>cohaerent</span> <span class='ocrx_word' id='word_1_366' title='bbox 1327 2483 1416 2519; x_wconf 78' lang='lat' dir='ltr'>arte,</span> <span class='ocrx_word' id='word_1_367' title='bbox 1448 2479 1484 2517; x_wconf 74' lang='lat' dir='ltr'>in</span> <span class='ocrx_word' id='word_1_368' title='bbox 1507 2479 1629 2520; x_wconf 80' lang='lat' dir='ltr'>quihus</span> 
     </span>
     <span class='ocr_line' id='line_1_38' title="bbox 360 2536 1628 2583; baseline -0.006 -7"><span class='ocrx_word' id='word_1_369' title='bbox 360 2550 450 2576; x_wconf 88' lang='lat' dir='ltr'>nunc</span> <span class='ocrx_word' id='word_1_370' title='bbox 474 2539 664 2581; x_wconf 81' lang='lat' dir='ltr'>offenditur,</span> <span class='ocrx_word' id='word_1_371' title='bbox 696 2540 908 2583; x_wconf 82' lang='lat' dir='ltr'>Aeschyli</span> <span class='ocrx_word' id='word_1_372' title='bbox 931 2540 1036 2578; x_wconf 83' lang='lat' dir='ltr'>verba</span> <span class='ocrx_word' id='word_1_373' title='bbox 1060 2540 1095 2574; x_wconf 86' lang='lat' dir='ltr'>in</span> <span class='ocrx_word' id='word_1_374' title='bbox 1118 2540 1234 2582; x_wconf 75' lang='lat' dir='ltr'>Agam.</span> <span class='ocrx_word' id='word_1_375' title='bbox 1258 2539 1323 2574; x_wconf 87' lang='grc'>917</span> <span class='ocrx_word' id='word_1_376' title='bbox 1346 2538 1457 2571; x_wconf 81' lang='grc' dir='ltr'><strong>τούτων</strong></span> <span class='ocrx_word' id='word_1_377' title='bbox 1479 2536 1529 2582; x_wconf 80' lang='grc' dir='ltr'>μὲν</span> <span class='ocrx_word' id='word_1_378' title='bbox 1551 2538 1628 2570; x_wconf 71' lang='grc' dir='ltr'><strong>οὕτω</strong></span> 
     </span>
    </p>
   </div>
  </div>
 </body>
</html>
