1836 2828
787 144 1056 185 „10-

356 272 537 312 Dativus:
567 275 610 323 a)
638 275 761 324 subst.
792 275 804 312 1
834 275 898 322 87,
927 274 952 312 9
981 269 1060 310 ὗσαι
1090 267 1195 311 ὕδατι
1222 271 1451 326 λαβροτάτῳ,
1483 273 1527 312 111
1561 273 1624 321 10,

227 344 278 383 14-
306 343 471 396 tufi-qam
497 346 533 381 αἱ
560 342 685 397 Θῆβαι
713 338 848 397 ψακάδι
876 346 926 393 (v.
947 343 1084 384 Aesch.
1104 345 1238 392 Agam.
1263 344 1402 391 1501);
1430 342 1470 393 b)
1497 348 1624 383 neutr.

223 414 361 452 adiect.
392 415 406 452 I
439 415 536 463 193,
566 415 591 453 3
619 416 643 466 ἡ
673 408 713 452 δὲ
741 419 790 468 γῆ
812 444 820 452 .
844 444 852 452 .
874 414 975 452 ὕεται
1002 413 1067 467 μὲν
1094 415 1219 468 ὀλίγῳ,
1250 414 1311 463 IV,
1340 415 1413 464 50,
1445 415 1497 453 10
1523 413 1626 451 ὕεται

223 484 292 538 γὰρ
321 486 344 537 ἡ
373 488 422 538 γῆ
444 515 452 522 .
476 515 484 523 .
508 515 516 523 .
536 483 690 538 πάμπαν
717 486 830 538 ὀλίγῳ
869 486 920 535 (v.
952 485 1002 524 ad
1030 485 1068 524 h.
1098 485 1122 524 l.
1153 486 1334 536 Krueger,
1371 485 1428 525 Di.
1458 485 1531 537 49,
1563 484 1624 533 15,

228 555 304 604 13),
332 555 383 594 IV
402 555 467 605 31,
496 557 522 595 5
541 555 591 593 τὰ
610 555 819 609 κατὺτερθε
843 556 979 609 ταύτης
1006 560 1072 609 τῆς
1100 555 1220 610 χώρης
1247 557 1315 594 αἰεὶ
1340 557 1488 609 νίφεται,
1519 553 1626 593 ἐλάσ-

222 638 295 663 σονι
322 620 363 664 δὲ
390 631 457 663 τοῦ
485 625 622 679 Ξτέρεος.
653 626 710 665 Cf.
734 627 901 666 Pausan.
922 628 959 676 4,
989 626 1054 678 20,
1084 627 1108 665 7
1131 629 1241 679 ἔτυχε
1270 620 1310 664 δὲ
1328 627 1390 664 καὶ
1408 625 1478 664 ὕειν
1496 627 1624 674 πολλῷ

219 696 284 734 τόν
312 695 414 734 θεόν.
464 697 719 736 Accusativus
748 701 873 737 neutr.
903 697 1040 737 adiect.
1072 698 1198 737 rarius
1226 697 1441 737 invenitur:
1480 696 1530 735 lV
1558 696 1623 745 28,

227 767 275 806 12
304 768 371 804 οὐκ
399 767 450 805 ὕει
478 766 590 819 λόγου
619 765 716 815 ἄξιον
743 761 858 815 οὐδέν,
901 768 929 805 ΙΙ
959 767 1028 816 22,
1061 769 1110 806 19
1139 771 1169 805 εἰ
1197 766 1347 819 ἑχιόνιξε
1374 768 1436 804 καὶ
1464 767 1546 804 ὅσον
1575 763 1623 803 ὦν

221 836 361 890 ταύτην
397 835 465 890 τὴν
502 836 634 890 χώρην.
693 837 806 884 Quod
848 835 962 885 igitur
998 837 1039 876 in
1075 837 1136 876 his
1173 837 1431 876 locutionibus
1469 837 1625 876 dativus

223 907 439 956 praevalet,
476 908 515 946 id
545 907 743 956 proprium
773 911 833 946 est
861 919 955 946 usus
984 907 1202 954 Herodotei‚
1230 907 1348 947 ceteri
1374 907 1478 946 enim
1505 906 1625 956 potis-

222 978 441 1027 simumque
461 979 671 1027 scriptores
691 979 807 1016 Attici
826 978 1050 1027 praeferunt
1069 978 1344 1016 accusativum.
1376 977 1496 1016 Dutiv.
1519 977 1624 1026 apud

221 1047 399 1097 Xenoph.
429 1048 522 1087 Heu.
552 1049 565 1086 Ι
598 1048 640 1097 1,
682 1049 732 1086 16
770 1048 890 1092 ὕοντος
926 1050 1053 1096 πολλῷ
1091 1041 1170 1086 non
1208 1059 1369 1097 prorsus
1397 1047 1545 1086 accedit
1573 1047 1624 1085 ad

219 1118 538 1156 consuetudinem
567 1117 718 1155 solutae
745 1117 933 1155 orationis
963 1118 1176 1155 Atticorum
1217 1117 1356 1166 [πολλῷ
1394 1117 1622 1155 memoriam

220 1186 399 1224 codicum
427 1187 549 1226 secuti
577 1187 742 1226 retinent
777 1190 930 1236 praeter
957 1187 1055 1225 alios
1084 1186 1206 1225 Cobet
1233 1186 1274 1225 in
1302 1186 1362 1226 ed.
1392 1198 1445 1225 er.
1472 1187 1624 1225 Amste-

220 1255 295 1296 lod.
330 1257 433 1296 1862
467 1260 506 1297 et
534 1256 851 1297 Buchsenschutz
880 1257 919 1296 in
947 1259 974 1296 4
1002 1258 1063 1297 ed.
1092 1257 1237 1305 herm.;
1266 1257 1427 1297 nonnuli
1446 1257 1623 1296 homines

221 1327 327 1365 docti
355 1328 438 1366 sine
467 1328 568 1366 iusta
597 1339 717 1366 causa
745 1339 829 1375 gen.
858 1329 996 1365 πολλοῦ
1026 1328 1320 1377 proponebanq.
1350 1326 1408 1366 cf.
1429 1327 1623 1366 Kuehneri

221 1396 354 1446 §410‚
385 1397 410 1436 3
436 1410 460 1435 a
489 1401 527 1436 et
556 1401 781 1436 accuratam
810 1398 1072 1436 collectionem
1102 1397 1178 1436 huc
1207 1398 1462 1447 spectantium
1492 1409 1623 1437 exem—

220 1467 371 1517 plorum
401 1468 504 1517 apud
536 1469 776 1516 Kruegerum
805 1469 862 1507 Di.
892 1469 959 1517 48,
993 1469 1042 1508 15
1071 1469 1162 1508 adn.
1195 1469 1256 1507 13.

353 1536 602 1581 Adnotatio
632 1536 665 1579 1.
724 1539 851 1586 Quam
879 1540 1110 1578 sententiam
1140 1543 1289 1579 veteres
1318 1540 1494 1578 homines
1518 1539 1625 1577 docti

220 1607 268 1646 de
296 1609 425 1646 verbis
453 1612 618 1647 naturae
646 1608 866 1647 habuerant
895 1610 943 1658 (v.
975 1609 1187 1658 Miklosich‚
1215 1609 1309 1648 Sub.
1340 1609 1376 1647 S.
1408 1620 1443 1658 p.
1468 1609 1514 1648 11
1537 1609 1622 1658 sq.)‚

220 1679 384 1717 eandem
423 1679 575 1728 plurimi
615 1679 873 1717 recentiorum
910 1680 1106 1728 protulere
1134 1682 1348 1718 statuentes
1375 1679 1416 1716 in
1443 1679 1489 1716 iis
1517 1678 1623 1727 ellip-

218 1747 280 1786 sin
307 1748 416 1787 vocis
445 1745 544 1796 Ζεύς,
574 1750 594 1786 ὁ
622 1747 721 1792 Ξῑεός.
750 1747 808 1787 cf.
840 1748 1057 1788 Hermann:
1087 1748 1142 1788 De
1169 1748 1229 1788 ell.
1251 1751 1289 1788 et
1313 1748 1438 1798 pleon.
1467 1747 1620 1798 (opusc.

219 1819 233 1856 Ι
264 1818 357 1867 154)
386 1818 408 1868 ξ
440 1819 528 1868 106,
557 1818 806 1868 Bernhardy:
845 1818 1079 1858 Wissensch.
1110 1819 1218 1868 Synt.
1247 1831 1282 1868 p.
1310 1819 1397 1867 191,
1425 1821 1470 1868 43
1501 1820 1623 1859 Krue-

219 1900 305 1936 gerz
346 1889 410 1928 Gr.
439 1900 494 1936 gr.
523 1889 598 1938 61,
631 1891 679 1940 4,
707 1890 754 1935 43
800 1889 979 1928 Kuehner
1006 1891 1030 1937 ξ
1060 1889 1140 1928 352
1169 1888 1207 1938 b)
1246 1888 1363 1938 (idem
1391 1890 1456 1928 Gr.
1486 1889 1550 1928 lat.
1580 1890 1621 1932 ΙΙ,

216 1959 293 1997 vol.
321 1960 347 2006 ξ
375 1959 401 1997 3
429 1958 479 2008 ὁ),
517 1970 564 1997 ex
594 1959 867 2008 interpretibus
897 1959 1081 1998 Herodoti
1109 1959 1263 2007 Lhardy
1303 1960 1348 2007 (ΙΙ
1376 1960 1458 2009 22),
1500 1960 1622 1998 Krue-

218 2039 296 2079 ger,
326 2028 469 2066 Abicht
497 2028 562 2077 (lV
591 2029 671 2077 28),
701 2028 806 2067 Stein
836 2028 901 2077 (VI
930 2029 1009 2077 27).
1038 2028 1211 2076 Madvig:
1241 2028 1349 2077 Synt.
1367 2030 1392 2076 ξ
1421 2029 1444 2067 7
1474 2028 1563 2067 adn.
1589 2029 1622 2077 1,

217 2096 434 2137 Steinthalo
472 2097 708 2148 (Miklosicht
747 2098 839 2137 Sub.
869 2099 908 2138 S.
945 2111 980 2148 p.
1010 2098 1078 2147 20)
1116 2099 1381 2148 consentiens,
1420 2099 1620 2138 cuiusdam

222 2168 361 2206 infiniti
388 2172 427 2207 et
456 2168 596 2206 occulti
624 2168 834 2207 animantis
863 2169 1060 2207 notionem
1089 2169 1305 2208 subiectum
1333 2168 1474 2208 harum
1501 2169 1623 2209 actio-

218 2250 314 2278 num
343 2250 430 2278 esse
458 2242 579 2288 putat.

349 2306 600 2351 Adnotatio
630 2306 666 2351 2.
726 2310 814 2349 Non
843 2310 1092 2351 inveniuntur
1117 2311 1222 2362 apud
1241 2311 1480 2351 Herodotum
1498 2311 1619 2351 verba

216 2381 359 2434 βροντᾷ,
390 2380 600 2433 ἀστράπτει,
630 2382 725 2429 σείει,
755 2383 842 2434 νίφει
858 2383 888 2431 ¹)
918 2383 1001 2421 sine
1028 2383 1203 2422 subiecto
1232 2387 1434 2432 usurpata,
1463 2382 1530 2421 sed
1550 2394 1620 2420 no-

297 2484 318 2525 ¹)
343 2484 411 2515 Pro
434 2482 503 2526 νίφει
527 2484 632 2517 verbo
655 2484 732 2517 aliis
756 2484 978 2526 scriptoribus
1003 2485 1137 2527 proprio
1170 2484 1276 2518 utitur
1299 2484 1490 2517 Herodotus
1513 2493 1615 2516 voca-

348 2542 430 2574 bulo
452 2542 576 2584 χιονίζει.
