<?xml version="1.0" encoding="UTF-8"?>
<!DOCTYPE html PUBLIC "-//W3C//DTD XHTML 1.0 Transitional//EN"
    "http://www.w3.org/TR/xhtml1/DTD/xhtml1-transitional.dtd">
<html xmlns="http://www.w3.org/1999/xhtml" xml:lang="en" lang="en">
 <head>
  <title>
</title>
<meta http-equiv="Content-Type" content="text/html;charset=utf-8" />
  <meta name='ocr-system' content='tesseract 3.04.00' />
  <meta name='ocr-capabilities' content='ocr_page ocr_carea ocr_par ocr_line ocrx_word'/>
</head>
<body>
  <div class='ocr_page' id='page_1' title='image "4737892_0037.png"; bbox 0 0 1836 2828; ppageno 0'>
   <div class='ocr_carea' id='block_1_1' title="bbox 784 125 1060 180">
    <p class='ocr_par' dir='ltr' id='par_1_1' title="bbox 784 125 1060 180">
     <span class='ocr_line' id='line_1_1' title="bbox 784 125 1060 180; baseline -0.004 -23"><span class='ocrx_word' id='word_1_1' title='bbox 784 125 1060 180; x_wconf 37' lang='lat'>„525-</span> 
     </span>
    </p>
   </div>
   <div class='ocr_carea' id='block_1_2' title="bbox 214 298 1620 1920">
    <p class='ocr_par' dir='ltr' id='par_1_2' title="bbox 810 298 1040 354">
     <span class='ocr_line' id='line_1_2' title="bbox 810 298 1040 354; baseline 0.004 -16"><span class='ocrx_word' id='word_1_2' title='bbox 810 299 846 339; x_wconf 90' lang='grc'><strong>2.</strong></span> <span class='ocrx_word' id='word_1_3' title='bbox 905 298 1040 354; x_wconf 85' lang='grc' dir='ltr'>Ἐχειν.</span> 
     </span>
    </p>

    <p class='ocr_par' dir='ltr' id='par_1_3' title="bbox 223 380 1620 997">
     <span class='ocr_line' id='line_1_3' title="bbox 355 380 1618 438; baseline 0.004 -16"><span class='ocrx_word' id='word_1_4' title='bbox 355 385 445 423; x_wconf 86' lang='lat' dir='ltr'><strong>Intr.</strong></span> <span class='ocrx_word' id='word_1_5' title='bbox 467 387 562 437; x_wconf 79' lang='grc' dir='ltr'>ἔχειν</span> <span class='ocrx_word' id='word_1_6' title='bbox 590 396 678 423; x_wconf 85' lang='lat' dir='ltr'><strong>eum</strong></span> <span class='ocrx_word' id='word_1_7' title='bbox 699 385 892 425; x_wconf 86' lang='lat' dir='ltr'><strong>adverbiis</strong></span> <span class='ocrx_word' id='word_1_8' title='bbox 919 386 1028 435; x_wconf 76' lang='grc' dir='ltr'>οὕτω,</span> <span class='ocrx_word' id='word_1_9' title='bbox 1057 380 1140 435; x_wconf 77' lang='grc' dir='ltr'>ὧδε,</span> <span class='ocrx_word' id='word_1_10' title='bbox 1171 390 1218 431; x_wconf 91' lang='grc' dir='ltr'><strong>ὡς</strong></span> <span class='ocrx_word' id='word_1_11' title='bbox 1246 388 1418 427; x_wconf 82' lang='lat' dir='ltr'><strong>iunctum</strong></span> <span class='ocrx_word' id='word_1_12' title='bbox 1438 388 1618 438; x_wconf 84' lang='lat' dir='ltr'>exprimit</span> 
     </span>
     <span class='ocr_line' id='line_1_4' title="bbox 224 455 1618 504; baseline 0.002 -11"><span class='ocrx_word' id='word_1_13' title='bbox 224 455 264 493; x_wconf 90' lang='lat' dir='ltr'><strong>in</strong></span> <span class='ocrx_word' id='word_1_14' title='bbox 291 455 516 493; x_wconf 87' lang='lat' dir='ltr'><strong>universum</strong></span> <span class='ocrx_word' id='word_1_15' title='bbox 544 455 738 504; x_wconf 87' lang='lat' dir='ltr'><strong>quendam</strong></span> <span class='ocrx_word' id='word_1_16' title='bbox 766 467 896 495; x_wconf 88' lang='lat' dir='ltr'><strong>rerum</strong></span> <span class='ocrx_word' id='word_1_17' title='bbox 923 460 1082 495; x_wconf 86' lang='lat' dir='ltr'><strong>statum.</strong></span> <span class='ocrx_word' id='word_1_18' title='bbox 1140 458 1317 497; x_wconf 88' lang='lat' dir='ltr'><strong>Aoristus</strong></span> <span class='ocrx_word' id='word_1_19' title='bbox 1355 458 1470 497; x_wconf 84' lang='lat' dir='ltr'><strong>huius</strong></span> <span class='ocrx_word' id='word_1_20' title='bbox 1508 459 1618 497; x_wconf 89' lang='lat' dir='ltr'><strong>verbi</strong></span> 
     </span>
     <span class='ocr_line' id='line_1_5' title="bbox 224 524 1618 580; baseline 0.004 -18"><span class='ocrx_word' id='word_1_21' title='bbox 224 524 323 563; x_wconf 90' lang='lat' dir='ltr'><strong>idem</strong></span> <span class='ocrx_word' id='word_1_22' title='bbox 362 524 551 572; x_wconf 82' lang='lat' dir='ltr'><strong>significat</strong></span> <span class='ocrx_word' id='word_1_23' title='bbox 588 529 705 574; x_wconf 85' lang='lat' dir='ltr'><strong>atque</strong></span> <span class='ocrx_word' id='word_1_24' title='bbox 746 525 889 579; x_wconf 82' lang='grc' dir='ltr'>ἐγένετο</span> <span class='ocrx_word' id='word_1_25' title='bbox 933 526 1104 580; x_wconf 77' lang='grc' dir='ltr'>(συνέβη).</span> <span class='ocrx_word' id='word_1_26' title='bbox 1162 527 1216 566; x_wconf 85' lang='lat' dir='ltr'><strong>Cf.</strong></span> <span class='ocrx_word' id='word_1_27' title='bbox 1261 528 1393 567; x_wconf 82' lang='lat' dir='ltr'><strong>Steinii</strong></span> <span class='ocrx_word' id='word_1_28' title='bbox 1434 528 1523 567; x_wconf 86' lang='lat' dir='ltr'><strong>adn.</strong></span> <span class='ocrx_word' id='word_1_29' title='bbox 1568 528 1618 567; x_wconf 86' lang='lat' dir='ltr'><strong>ad</strong></span> 
     </span>
     <span class='ocr_line' id='line_1_6' title="bbox 224 594 1619 652; baseline 0.002 -18"><span class='ocrx_word' id='word_1_30' title='bbox 224 594 362 636; x_wconf 83' lang='lat' dir='ltr'><strong>Herod.</strong></span> <span class='ocrx_word' id='word_1_31' title='bbox 392 596 407 634; x_wconf 91' lang='lat' dir='ltr'>I</span> <span class='ocrx_word' id='word_1_32' title='bbox 436 596 510 648; x_wconf 83' lang='lat'>71,</span> <span class='ocrx_word' id='word_1_33' title='bbox 553 596 587 635; x_wconf 93' lang='lat'>1.</span> <span class='ocrx_word' id='word_1_34' title='bbox 623 618 674 624; x_wconf 88' lang='lat'>—</span> <span class='ocrx_word' id='word_1_35' title='bbox 691 596 720 635; x_wconf 90' lang='grc' dir='ltr'><em>Π</em></span> <span class='ocrx_word' id='word_1_36' title='bbox 750 596 812 647; x_wconf 82' lang='grc'><strong>28,</strong></span> <span class='ocrx_word' id='word_1_37' title='bbox 855 598 873 636; x_wconf 89' lang='grc'>1</span> <span class='ocrx_word' id='word_1_38' title='bbox 905 597 1083 646; x_wconf 80' lang='lat' dir='ltr'><strong>legimus:</strong></span> <span class='ocrx_word' id='word_1_39' title='bbox 1122 603 1241 636; x_wconf 75' lang='grc' dir='ltr'>ταῦτα</span> <span class='ocrx_word' id='word_1_40' title='bbox 1269 598 1333 652; x_wconf 82' lang='grc' dir='ltr'><strong>μέν</strong></span> <span class='ocrx_word' id='word_1_41' title='bbox 1361 614 1420 636; x_wconf 91' lang='grc' dir='ltr'><strong>νυν</strong></span> <span class='ocrx_word' id='word_1_42' title='bbox 1449 602 1542 637; x_wconf 81' lang='grc' dir='ltr'>ἔστω</span> <span class='ocrx_word' id='word_1_43' title='bbox 1571 602 1619 643; x_wconf 88' lang='grc' dir='ltr'><strong>ὡς</strong></span> 
     </span>
     <span class='ocr_line' id='line_1_7' title="bbox 225 663 1618 723; baseline 0.003 -20"><span class='ocrx_word' id='word_1_44' title='bbox 225 669 299 704; x_wconf 82' lang='grc' dir='ltr'>ἐστι</span> <span class='ocrx_word' id='word_1_45' title='bbox 326 679 370 704; x_wconf 90' lang='grc' dir='ltr'>τε</span> <span class='ocrx_word' id='word_1_46' title='bbox 397 666 457 704; x_wconf 77' lang='grc' dir='ltr'><strong>καὶ</strong></span> <span class='ocrx_word' id='word_1_47' title='bbox 485 669 532 710; x_wconf 86' lang='grc' dir='ltr'><strong>ὡς</strong></span> <span class='ocrx_word' id='word_1_48' title='bbox 561 664 673 720; x_wconf 83' lang='grc' dir='ltr'>ἀρχὴν</span> <span class='ocrx_word' id='word_1_49' title='bbox 702 666 857 720; x_wconf 78' lang='grc' dir='ltr'>ἐγένετο.</span> <span class='ocrx_word' id='word_1_50' title='bbox 905 669 1071 707; x_wconf 80' lang='lat' dir='ltr'><strong>Pausan.</strong></span> <span class='ocrx_word' id='word_1_51' title='bbox 1099 668 1179 707; x_wconf 83' lang='lat' dir='ltr'>V111</span> <span class='ocrx_word' id='word_1_52' title='bbox 1207 670 1271 719; x_wconf 85' lang='lat'>38,</span> <span class='ocrx_word' id='word_1_53' title='bbox 1300 670 1325 709; x_wconf 87' lang='grc'>5</span> <span class='ocrx_word' id='word_1_54' title='bbox 1354 669 1473 723; x_wconf 84' lang='grc' dir='ltr'>ἐχέτω</span> <span class='ocrx_word' id='word_1_55' title='bbox 1503 663 1542 707; x_wconf 73' lang='grc' dir='ltr'><strong>δὲ</strong></span> <span class='ocrx_word' id='word_1_56' title='bbox 1571 673 1618 714; x_wconf 91' lang='grc' dir='ltr'><strong>ὡς</strong></span> 
     </span>
     <span class='ocr_line' id='line_1_8' title="bbox 225 737 1619 792; baseline 0.002 -17"><span class='ocrx_word' id='word_1_57' title='bbox 225 740 302 790; x_wconf 81' lang='grc' dir='ltr'>ἔχει</span> <span class='ocrx_word' id='word_1_58' title='bbox 329 738 391 774; x_wconf 81' lang='grc' dir='ltr'><strong>καὶ</strong></span> <span class='ocrx_word' id='word_1_59' title='bbox 418 740 466 781; x_wconf 87' lang='grc' dir='ltr'><strong>ὡς</strong></span> <span class='ocrx_word' id='word_1_60' title='bbox 495 740 599 790; x_wconf 83' lang='grc' dir='ltr'>ἔσχεν</span> <span class='ocrx_word' id='word_1_61' title='bbox 629 738 691 788; x_wconf 71' lang='lat' dir='ltr'><strong>(z</strong></span> <span class='ocrx_word' id='word_1_62' title='bbox 720 737 864 790; x_wconf 80' lang='grc' dir='ltr'>ἐγένετο</span> <span class='ocrx_word' id='word_1_63' title='bbox 892 739 1047 788; x_wconf 83' lang='lat' dir='ltr'>Herod.)</span> <span class='ocrx_word' id='word_1_64' title='bbox 1077 737 1116 787; x_wconf 78' lang='grc' dir='ltr'><strong>ἐξ</strong></span> <span class='ocrx_word' id='word_1_65' title='bbox 1145 741 1265 792; x_wconf 83' lang='grc' dir='ltr'>ἀρχῆς.</span> <span class='ocrx_word' id='word_1_66' title='bbox 1315 741 1411 779; x_wconf 90' lang='lat' dir='ltr'>Vide</span> <span class='ocrx_word' id='word_1_67' title='bbox 1447 741 1619 779; x_wconf 84' lang='lat' dir='ltr'><strong>Platonis</strong></span> 
     </span>
     <span class='ocr_line' id='line_1_9' title="bbox 224 803 1614 862; baseline 0.001 -17"><span class='ocrx_word' id='word_1_68' title='bbox 224 807 382 856; x_wconf 86' lang='lat' dir='ltr'><strong>Apolog.</strong></span> <span class='ocrx_word' id='word_1_69' title='bbox 414 808 466 846; x_wconf 87' lang='lat'><strong>39</strong></span> <span class='ocrx_word' id='word_1_70' title='bbox 506 808 532 845; x_wconf 90' lang='lat' dir='ltr'>b</span> <span class='ocrx_word' id='word_1_71' title='bbox 569 813 688 845; x_wconf 74' lang='grc' dir='ltr'>ταῦτα</span> <span class='ocrx_word' id='word_1_72' title='bbox 716 807 781 860; x_wconf 86' lang='grc' dir='ltr'><strong>μέν</strong></span> <span class='ocrx_word' id='word_1_73' title='bbox 809 822 877 846; x_wconf 82' lang='grc' dir='ltr'><strong>που</strong></span> <span class='ocrx_word' id='word_1_74' title='bbox 905 810 987 852; x_wconf 85' lang='grc' dir='ltr'><strong>ἴσως</strong></span> <span class='ocrx_word' id='word_1_75' title='bbox 1022 809 1118 846; x_wconf 72' lang='grc' dir='ltr'>οὕτω</span> <span class='ocrx_word' id='word_1_76' title='bbox 1156 809 1261 860; x_wconf 82' lang='grc' dir='ltr'>(ἔχει)</span> <span class='ocrx_word' id='word_1_77' title='bbox 1299 810 1360 847; x_wconf 70' lang='grc' dir='ltr'><strong>καὶ</strong></span> <span class='ocrx_word' id='word_1_78' title='bbox 1397 803 1467 848; x_wconf 73' lang='grc' dir='ltr'>ἔδει</span> <span class='ocrx_word' id='word_1_79' title='bbox 1503 815 1614 862; x_wconf 87' lang='grc' dir='ltr'>σχεῖν.</span> 
     </span>
     <span class='ocr_line' id='line_1_10' title="bbox 223 876 1620 930; baseline 0.001 -14"><span class='ocrx_word' id='word_1_80' title='bbox 223 876 405 917; x_wconf 87' lang='lat' dir='ltr'><strong>Ordinem</strong></span> <span class='ocrx_word' id='word_1_81' title='bbox 445 879 753 928; x_wconf 85' lang='lat' dir='ltr'><strong>enuntiatorum,</strong></span> <span class='ocrx_word' id='word_1_82' title='bbox 791 891 891 928; x_wconf 81' lang='lat' dir='ltr'><strong>quae</strong></span> <span class='ocrx_word' id='word_1_83' title='bbox 928 879 1005 918; x_wconf 86' lang='lat' dir='ltr'><strong>hue</strong></span> <span class='ocrx_word' id='word_1_84' title='bbox 1042 880 1253 930; x_wconf 81' lang='lat' dir='ltr'><strong>pertinent,</strong></span> <span class='ocrx_word' id='word_1_85' title='bbox 1293 880 1531 930; x_wconf 82' lang='lat' dir='ltr'>disponimus</span> <span class='ocrx_word' id='word_1_86' title='bbox 1559 892 1620 919; x_wconf 90' lang='lat' dir='ltr'><strong>se-</strong></span> 
     </span>
     <span class='ocr_line' id='line_1_11' title="bbox 228 947 1027 997; baseline 0.003 -11"><span class='ocrx_word' id='word_1_87' title='bbox 228 947 397 986; x_wconf 80' lang='lat' dir='ltr'><strong>eundum</strong></span> <span class='ocrx_word' id='word_1_88' title='bbox 425 948 611 988; x_wconf 84' lang='lat' dir='ltr'><strong>adverbia</strong></span> <span class='ocrx_word' id='word_1_89' title='bbox 639 952 732 997; x_wconf 80' lang='grc' dir='ltr'>ἔχειν</span> <span class='ocrx_word' id='word_1_90' title='bbox 760 950 846 988; x_wconf 85' lang='lat' dir='ltr'><strong>voci</strong></span> <span class='ocrx_word' id='word_1_91' title='bbox 875 949 1027 988; x_wconf 81' lang='lat' dir='ltr'><strong>addita:</strong></span> 
     </span>
    </p>

    <p class='ocr_par' dir='ltr' id='par_1_4' title="bbox 226 1004 1619 1129">
     <span class='ocr_line' id='line_1_12' title="bbox 354 1004 1619 1072; baseline 0.002 -16"><span class='ocrx_word' id='word_1_92' title='bbox 354 1018 396 1068; x_wconf 84' lang='lat' dir='ltr'><strong>a)</strong></span> <span class='ocrx_word' id='word_1_93' title='bbox 424 1017 520 1056; x_wconf 70' lang='grc' dir='ltr'>οὕτω</span> <span class='ocrx_word' id='word_1_94' title='bbox 550 1019 681 1068; x_wconf 88' lang='lat' dir='ltr'><strong>(semel</strong></span> <span class='ocrx_word' id='word_1_95' title='bbox 711 1012 798 1070; x_wconf 71' lang='grc' dir='ltr'>ὧδε)</span> <span class='ocrx_word' id='word_1_96' title='bbox 827 1022 914 1072; x_wconf 83' lang='grc' dir='ltr'>ἔχει,</span> <span class='ocrx_word' id='word_1_97' title='bbox 945 1004 1033 1072; x_wconf 75' lang='grc' dir='ltr'>εἶχε,</span> <span class='ocrx_word' id='word_1_98' title='bbox 1065 1023 1148 1069; x_wconf 77' lang='grc' dir='ltr'>ἔσχε</span> <span class='ocrx_word' id='word_1_99' title='bbox 1176 1043 1229 1047; x_wconf 89' lang='lat'>—</span> <span class='ocrx_word' id='word_1_100' title='bbox 1254 1020 1443 1059; x_wconf 86' lang='lat' dir='ltr'><strong>formulae</strong></span> <span class='ocrx_word' id='word_1_101' title='bbox 1469 1020 1619 1059; x_wconf 86' lang='lat' dir='ltr'><strong>dicendi</strong></span> 
     </span>
     <span class='ocr_line' id='line_1_13' title="bbox 226 1088 851 1129; baseline 0.002 -3"><span class='ocrx_word' id='word_1_102' title='bbox 226 1088 364 1128; x_wconf 88' lang='lat' dir='ltr'><strong>seriem</strong></span> <span class='ocrx_word' id='word_1_103' title='bbox 393 1089 629 1128; x_wconf 86' lang='lat' dir='ltr'><strong>narrationis</strong></span> <span class='ocrx_word' id='word_1_104' title='bbox 657 1090 851 1129; x_wconf 80' lang='lat' dir='ltr'><strong>finientes:</strong></span> 
     </span>
    </p>

    <p class='ocr_par' dir='ltr' id='par_1_5' title="bbox 226 1154 1620 1284">
     <span class='ocr_line' id='line_1_14' title="bbox 351 1154 1620 1214; baseline 0.001 -17"><span class='ocrx_word' id='word_1_105' title='bbox 351 1160 389 1208; x_wconf 80' lang='grc' dir='ltr'><strong>α)</strong></span> <span class='ocrx_word' id='word_1_106' title='bbox 427 1160 606 1199; x_wconf 84' lang='lat' dir='ltr'><strong>absolute</strong></span> <span class='ocrx_word' id='word_1_107' title='bbox 648 1160 699 1198; x_wconf 96' lang='lat' dir='ltr'><strong>IV</strong></span> <span class='ocrx_word' id='word_1_108' title='bbox 730 1160 827 1210; x_wconf 85' lang='lat'>134,</span> <span class='ocrx_word' id='word_1_109' title='bbox 870 1161 918 1199; x_wconf 83' lang='lat'>12</span> <span class='ocrx_word' id='word_1_110' title='bbox 956 1164 1004 1205; x_wconf 84' lang='grc' dir='ltr'><strong>ὡς</strong></span> <span class='ocrx_word' id='word_1_111' title='bbox 1032 1157 1080 1198; x_wconf 85' lang='grc' dir='ltr'><strong>ὦν</strong></span> <span class='ocrx_word' id='word_1_112' title='bbox 1109 1160 1204 1198; x_wconf 73' lang='grc' dir='ltr'>οὕτω</span> <span class='ocrx_word' id='word_1_113' title='bbox 1233 1154 1302 1214; x_wconf 77' lang='grc' dir='ltr'><strong>ἤδη</strong></span> <span class='ocrx_word' id='word_1_114' title='bbox 1332 1154 1530 1199; x_wconf 77' lang='grc' dir='ltr'>δοκεόντων</span> <span class='ocrx_word' id='word_1_115' title='bbox 1559 1169 1620 1205; x_wconf 74' lang='grc' dir='ltr'><strong>καὶ</strong></span> 
     </span>
     <span class='ocr_line' id='line_1_15' title="bbox 226 1231 549 1284; baseline 0.006 -17"><span class='ocrx_word' id='word_1_116' title='bbox 226 1231 326 1279; x_wconf 81' lang='grc' dir='ltr'>αὐτῷ</span> <span class='ocrx_word' id='word_1_117' title='bbox 355 1244 414 1283; x_wconf 88' lang='grc' dir='ltr'><strong>μοι</strong></span> <span class='ocrx_word' id='word_1_118' title='bbox 443 1233 549 1284; x_wconf 80' lang='grc' dir='ltr'>ἔχειν.</span> 
     </span>
    </p>

    <p class='ocr_par' dir='ltr' id='par_1_6' title="bbox 214 1300 1616 1920">
     <span class='ocr_line' id='line_1_16' title="bbox 352 1300 1612 1356; baseline -0.001 -16"><span class='ocrx_word' id='word_1_119' title='bbox 352 1300 389 1351; x_wconf 88' lang='grc' dir='ltr'><strong>β)</strong></span> <span class='ocrx_word' id='word_1_120' title='bbox 429 1313 618 1351; x_wconf 84' lang='lat' dir='ltr'><strong>personae</strong></span> <span class='ocrx_word' id='word_1_121' title='bbox 647 1306 716 1341; x_wconf 84' lang='lat' dir='ltr'><strong>aut</strong></span> <span class='ocrx_word' id='word_1_122' title='bbox 743 1302 798 1342; x_wconf 90' lang='lat' dir='ltr'><strong>rei</strong></span> <span class='ocrx_word' id='word_1_123' title='bbox 827 1303 927 1341; x_wconf 87' lang='lat' dir='ltr'><strong>ratio</strong></span> <span class='ocrx_word' id='word_1_124' title='bbox 955 1302 1132 1352; x_wconf 88' lang='lat' dir='ltr'><strong>habetur,</strong></span> <span class='ocrx_word' id='word_1_125' title='bbox 1169 1303 1184 1341; x_wconf 97' lang='lat' dir='ltr'>I</span> <span class='ocrx_word' id='word_1_126' title='bbox 1214 1303 1285 1352; x_wconf 88' lang='lat'>71,</span> <span class='ocrx_word' id='word_1_127' title='bbox 1327 1303 1345 1342; x_wconf 92' lang='lat'>1</span> <span class='ocrx_word' id='word_1_128' title='bbox 1386 1303 1511 1341; x_wconf 77' lang='grc' dir='ltr'>κατὰ</span> <span class='ocrx_word' id='word_1_129' title='bbox 1548 1302 1612 1356; x_wconf 78' lang='grc' dir='ltr'><strong>μέν</strong></span> 
     </span>
     <span class='ocr_line' id='line_1_17' title="bbox 219 1367 1611 1428; baseline 0.001 -19"><span class='ocrx_word' id='word_1_130' title='bbox 219 1385 278 1409; x_wconf 91' lang='grc' dir='ltr'><strong>νυν</strong></span> <span class='ocrx_word' id='word_1_131' title='bbox 305 1371 369 1410; x_wconf 76' lang='grc' dir='ltr'>τὸν</span> <span class='ocrx_word' id='word_1_132' title='bbox 397 1376 556 1427; x_wconf 74' lang='grc' dir='ltr'>κρητῆρα</span> <span class='ocrx_word' id='word_1_133' title='bbox 584 1376 678 1411; x_wconf 69' lang='grc' dir='ltr'>οὔτω</span> <span class='ocrx_word' id='word_1_134' title='bbox 707 1376 810 1427; x_wconf 79' lang='grc' dir='ltr'>ἔσχε,</span> <span class='ocrx_word' id='word_1_135' title='bbox 850 1374 864 1412; x_wconf 85' lang='grc' dir='ltr'>Ι</span> <span class='ocrx_word' id='word_1_136' title='bbox 893 1374 956 1424; x_wconf 87' lang='grc'><strong>91,</strong></span> <span class='ocrx_word' id='word_1_137' title='bbox 994 1374 1047 1412; x_wconf 87' lang='grc'><strong>33</strong></span> <span class='ocrx_word' id='word_1_138' title='bbox 1075 1373 1174 1412; x_wconf 75' lang='grc' dir='ltr'>κατὰ</span> <span class='ocrx_word' id='word_1_139' title='bbox 1202 1373 1265 1427; x_wconf 85' lang='grc' dir='ltr'><strong>μὲν</strong></span> <span class='ocrx_word' id='word_1_140' title='bbox 1294 1367 1338 1427; x_wconf 74' lang='grc' dir='ltr'><strong>δὴ</strong></span> <span class='ocrx_word' id='word_1_141' title='bbox 1367 1371 1434 1427; x_wconf 84' lang='grc' dir='ltr'>τὴν</span> <span class='ocrx_word' id='word_1_142' title='bbox 1461 1372 1611 1428; x_wconf 76' lang='grc' dir='ltr'>Κροίσου</span> 
     </span>
     <span class='ocr_line' id='line_1_18' title="bbox 218 1438 1615 1501; baseline 0.001 -21"><span class='ocrx_word' id='word_1_143' title='bbox 218 1456 261 1480; x_wconf 84' lang='grc' dir='ltr'>τε</span> <span class='ocrx_word' id='word_1_144' title='bbox 290 1441 405 1496; x_wconf 79' lang='grc' dir='ltr'>ἀρχὴν</span> <span class='ocrx_word' id='word_1_145' title='bbox 442 1444 504 1480; x_wconf 74' lang='grc' dir='ltr'><strong>καὶ</strong></span> <span class='ocrx_word' id='word_1_146' title='bbox 532 1441 660 1501; x_wconf 53' lang='grc' dir='ltr'><strong>ἶΙωνίης</strong></span> <span class='ocrx_word' id='word_1_147' title='bbox 692 1442 759 1496; x_wconf 72' lang='grc' dir='ltr'>τὴν</span> <span class='ocrx_word' id='word_1_148' title='bbox 787 1444 931 1497; x_wconf 80' lang='grc' dir='ltr'>πρώτην</span> <span class='ocrx_word' id='word_1_149' title='bbox 959 1442 1211 1497; x_wconf 79' lang='grc' dir='ltr'>καταστροφὴν</span> <span class='ocrx_word' id='word_1_150' title='bbox 1240 1447 1326 1496; x_wconf 77' lang='grc' dir='ltr'>ἔσχε</span> <span class='ocrx_word' id='word_1_151' title='bbox 1354 1444 1471 1492; x_wconf 75' lang='grc' dir='ltr'>οὕτω,</span> <span class='ocrx_word' id='word_1_152' title='bbox 1512 1438 1615 1495; x_wconf 70' lang='grc' dir='ltr'>(ὧδε)</span> 
     </span>
     <span class='ocr_line' id='line_1_19' title="bbox 220 1512 1616 1568; baseline 0 -16"><span class='ocrx_word' id='word_1_153' title='bbox 220 1514 234 1552; x_wconf 94' lang='grc' dir='ltr'><strong>Ι</strong></span> <span class='ocrx_word' id='word_1_154' title='bbox 261 1513 324 1564; x_wconf 85' lang='grc'><strong>22,</strong></span> <span class='ocrx_word' id='word_1_155' title='bbox 356 1514 403 1553; x_wconf 89' lang='grc'><strong>17</strong></span> <span class='ocrx_word' id='word_1_156' title='bbox 426 1514 524 1552; x_wconf 79' lang='grc' dir='ltr'>κατὰ</span> <span class='ocrx_word' id='word_1_157' title='bbox 553 1513 617 1567; x_wconf 72' lang='grc' dir='ltr'><strong>μὲν</strong></span> <span class='ocrx_word' id='word_1_158' title='bbox 643 1515 707 1552; x_wconf 85' lang='grc' dir='ltr'><strong>τὸν</strong></span> <span class='ocrx_word' id='word_1_159' title='bbox 734 1515 818 1568; x_wconf 73' lang='grc' dir='ltr'>πρὸς</span> <span class='ocrx_word' id='word_1_160' title='bbox 846 1512 1040 1568; x_wconf 75' lang='grc' dir='ltr'>Μιλησίους</span> <span class='ocrx_word' id='word_1_161' title='bbox 1066 1528 1109 1552; x_wconf 89' lang='grc' dir='ltr'>τε</span> <span class='ocrx_word' id='word_1_162' title='bbox 1137 1515 1198 1552; x_wconf 75' lang='grc' dir='ltr'><strong>καὶ</strong></span> <span class='ocrx_word' id='word_1_163' title='bbox 1226 1512 1480 1567; x_wconf 68' lang='grc' dir='ltr'>Θρασύβουλον</span> <span class='ocrx_word' id='word_1_164' title='bbox 1507 1514 1616 1553; x_wconf 83' lang='grc' dir='ltr'>πόλε-</span> 
     </span>
     <span class='ocr_line' id='line_1_20' title="bbox 221 1578 1615 1638; baseline 0.001 -17"><span class='ocrx_word' id='word_1_165' title='bbox 221 1598 287 1636; x_wconf 83' lang='grc' dir='ltr'><strong>μον</strong></span> <span class='ocrx_word' id='word_1_166' title='bbox 316 1581 500 1638; x_wconf 65' lang='grc' dir='ltr'>Ἀλυάττῃ</span> <span class='ocrx_word' id='word_1_167' title='bbox 541 1578 613 1622; x_wconf 79' lang='grc' dir='ltr'><strong>ὧδε</strong></span> <span class='ocrx_word' id='word_1_168' title='bbox 642 1587 747 1638; x_wconf 82' lang='grc' dir='ltr'>ἔσχε,</span> <span class='ocrx_word' id='word_1_169' title='bbox 787 1586 801 1623; x_wconf 95' lang='lat' dir='ltr'>I</span> <span class='ocrx_word' id='word_1_170' title='bbox 833 1585 920 1634; x_wconf 90' lang='lat'>117,</span> <span class='ocrx_word' id='word_1_171' title='bbox 961 1585 1013 1623; x_wconf 85' lang='lat'><strong>23</strong></span> <span class='ocrx_word' id='word_1_172' title='bbox 1040 1584 1136 1622; x_wconf 74' lang='grc' dir='ltr'>οὕτω</span> <span class='ocrx_word' id='word_1_173' title='bbox 1166 1587 1252 1637; x_wconf 83' lang='grc' dir='ltr'>ἔσχε</span> <span class='ocrx_word' id='word_1_174' title='bbox 1281 1581 1309 1622; x_wconf 85' lang='grc' dir='ltr'><em>ὦ</em></span> <span class='ocrx_word' id='word_1_175' title='bbox 1338 1585 1484 1634; x_wconf 76' lang='grc' dir='ltr'>βασιλεῦ</span> <span class='ocrx_word' id='word_1_176' title='bbox 1511 1586 1615 1638; x_wconf 83' lang='grc' dir='ltr'>περὶ</span> 
     </span>
     <span class='ocr_line' id='line_1_21' title="bbox 215 1653 1612 1709; baseline 0 -16"><span class='ocrx_word' id='word_1_177' title='bbox 215 1660 282 1693; x_wconf 79' lang='grc' dir='ltr'>τοῦ</span> <span class='ocrx_word' id='word_1_178' title='bbox 319 1653 528 1709; x_wconf 71' lang='grc' dir='ltr'>πρήγματος</span> <span class='ocrx_word' id='word_1_179' title='bbox 564 1655 712 1705; x_wconf 83' lang='grc' dir='ltr'>τούτου,</span> <span class='ocrx_word' id='word_1_180' title='bbox 750 1656 763 1694; x_wconf 94' lang='grc' dir='ltr'>Ι</span> <span class='ocrx_word' id='word_1_181' title='bbox 796 1655 894 1704; x_wconf 85' lang='grc'><strong>168,</strong></span> <span class='ocrx_word' id='word_1_182' title='bbox 941 1657 952 1694; x_wconf 86' lang='lat'>1</span> <span class='ocrx_word' id='word_1_183' title='bbox 989 1653 1162 1709; x_wconf 77' lang='grc' dir='ltr'><strong>Φωκαίης</strong></span> <span class='ocrx_word' id='word_1_184' title='bbox 1199 1655 1263 1708; x_wconf 85' lang='grc' dir='ltr'><strong>μέν</strong></span> <span class='ocrx_word' id='word_1_185' title='bbox 1291 1670 1350 1693; x_wconf 89' lang='grc' dir='ltr'><strong>νυν</strong></span> <span class='ocrx_word' id='word_1_186' title='bbox 1377 1655 1455 1709; x_wconf 76' lang='grc' dir='ltr'>πέρι</span> <span class='ocrx_word' id='word_1_187' title='bbox 1482 1660 1548 1708; x_wconf 82' lang='grc' dir='ltr'>τῆς</span> <span class='ocrx_word' id='word_1_188' title='bbox 1577 1656 1612 1694; x_wconf 87' lang='grc' dir='ltr'><strong>ἐν</strong></span> 
     </span>
     <span class='ocr_line' id='line_1_22' title="bbox 218 1723 1607 1779; baseline 0.001 -16"><span class='ocrx_word' id='word_1_189' title='bbox 218 1723 326 1779; x_wconf 80' lang='grc' dir='ltr'><strong>Ἰωνίῃ</strong></span> <span class='ocrx_word' id='word_1_190' title='bbox 356 1726 451 1764; x_wconf 76' lang='grc' dir='ltr'>οὕτω</span> <span class='ocrx_word' id='word_1_191' title='bbox 481 1729 587 1779; x_wconf 80' lang='grc' dir='ltr'>ἔσχε,</span> <span class='ocrx_word' id='word_1_192' title='bbox 627 1727 657 1765; x_wconf 90' lang='grc' dir='ltr'><strong>ΙΙ</strong></span> <span class='ocrx_word' id='word_1_193' title='bbox 686 1727 749 1775; x_wconf 83' lang='lat'>94,</span> <span class='ocrx_word' id='word_1_194' title='bbox 796 1727 809 1764; x_wconf 86' lang='lat'>1</span> <span class='ocrx_word' id='word_1_195' title='bbox 842 1726 902 1764; x_wconf 74' lang='grc' dir='ltr'><strong>καὶ</strong></span> <span class='ocrx_word' id='word_1_196' title='bbox 929 1727 1007 1779; x_wconf 81' lang='grc' dir='ltr'>περὶ</span> <span class='ocrx_word' id='word_1_197' title='bbox 1030 1725 1095 1779; x_wconf 80' lang='grc' dir='ltr'><strong>μὲν</strong></span> <span class='ocrx_word' id='word_1_198' title='bbox 1121 1725 1204 1770; x_wconf 84' lang='grc' dir='ltr'>τοὺς</span> <span class='ocrx_word' id='word_1_199' title='bbox 1233 1725 1367 1779; x_wconf 61' lang='grc' dir='ltr'>ἰχθύας</span> <span class='ocrx_word' id='word_1_200' title='bbox 1394 1725 1490 1764; x_wconf 74' lang='grc' dir='ltr'>οὕτω</span> <span class='ocrx_word' id='word_1_201' title='bbox 1519 1729 1607 1779; x_wconf 79' lang='grc' dir='ltr'>ἔχει,</span> 
     </span>
     <span class='ocr_line' id='line_1_23' title="bbox 214 1794 1608 1850; baseline 0 -15"><span class='ocrx_word' id='word_1_202' title='bbox 214 1796 294 1835; x_wconf 86' lang='lat' dir='ltr'>VIII</span> <span class='ocrx_word' id='word_1_203' title='bbox 313 1798 376 1846; x_wconf 87' lang='grc'><strong>86,</strong></span> <span class='ocrx_word' id='word_1_204' title='bbox 406 1797 430 1835; x_wconf 90' lang='grc'>2</span> <span class='ocrx_word' id='word_1_205' title='bbox 458 1798 535 1850; x_wconf 79' lang='grc' dir='ltr'>περὶ</span> <span class='ocrx_word' id='word_1_206' title='bbox 563 1797 626 1850; x_wconf 81' lang='grc' dir='ltr'><strong>μέν</strong></span> <span class='ocrx_word' id='word_1_207' title='bbox 654 1811 713 1834; x_wconf 92' lang='grc' dir='ltr'><strong>νυν</strong></span> <span class='ocrx_word' id='word_1_208' title='bbox 741 1797 890 1841; x_wconf 71' lang='grc' dir='ltr'>τούτους</span> <span class='ocrx_word' id='word_1_209' title='bbox 917 1796 1013 1834; x_wconf 64' lang='grc' dir='ltr'>οὕτω</span> <span class='ocrx_word' id='word_1_210' title='bbox 1042 1794 1129 1849; x_wconf 79' lang='grc' dir='ltr'>εἶχε,</span> <span class='ocrx_word' id='word_1_211' title='bbox 1160 1798 1174 1835; x_wconf 91' lang='grc' dir='ltr'>Ι</span> <span class='ocrx_word' id='word_1_212' title='bbox 1198 1797 1285 1844; x_wconf 80' lang='lat'>140,</span> <span class='ocrx_word' id='word_1_213' title='bbox 1321 1798 1369 1835; x_wconf 85' lang='lat'><strong>14</strong></span> <span class='ocrx_word' id='word_1_214' title='bbox 1397 1797 1458 1834; x_wconf 69' lang='lat' dir='ltr'><strong>xxi.</strong></span> <span class='ocrx_word' id='word_1_215' title='bbox 1487 1798 1548 1849; x_wconf 77' lang='grc' dir='ltr'><strong>ἀμ</strong></span> <span class='ocrx_word' id='word_1_216' title='bbox 1564 1798 1608 1849; x_wconf 86' lang='grc' dir='ltr'><strong>φὶ</strong></span> 
     </span>
     <span class='ocr_line' id='line_1_24' title="bbox 216 1865 1613 1920; baseline 0.001 -16"><span class='ocrx_word' id='word_1_217' title='bbox 216 1866 280 1919; x_wconf 85' lang='grc' dir='ltr'><strong>μὲν</strong></span> <span class='ocrx_word' id='word_1_218' title='bbox 320 1872 375 1916; x_wconf 77' lang='grc' dir='ltr'>τῷ</span> <span class='ocrx_word' id='word_1_219' title='bbox 413 1866 510 1920; x_wconf 87' lang='grc' dir='ltr'>νόμῳ</span> <span class='ocrx_word' id='word_1_220' title='bbox 548 1867 668 1916; x_wconf 86' lang='grc' dir='ltr'>τούτῳ</span> <span class='ocrx_word' id='word_1_221' title='bbox 707 1867 826 1920; x_wconf 82' lang='grc' dir='ltr'>ἐχέτω</span> <span class='ocrx_word' id='word_1_222' title='bbox 854 1870 902 1912; x_wconf 88' lang='grc' dir='ltr'><strong>ὠς</strong></span> <span class='ocrx_word' id='word_1_223' title='bbox 936 1868 997 1904; x_wconf 80' lang='grc' dir='ltr'><strong>καὶ</strong></span> <span class='ocrx_word' id='word_1_224' title='bbox 1025 1865 1136 1920; x_wconf 77' lang='grc' dir='ltr'>ἀρχὴν</span> <span class='ocrx_word' id='word_1_225' title='bbox 1165 1867 1350 1920; x_wconf 62' lang='grc' dir='ltr'>ἐνομίσθη.</span> <span class='ocrx_word' id='word_1_226' title='bbox 1399 1868 1613 1917; x_wconf 77' lang='lat' dir='ltr'><strong>Praecipua</strong></span> 
     </span>
    </p>
   </div>
   <div class='ocr_carea' id='block_1_3' title="bbox 257 1975 468 1979">
    <p class='ocr_par' dir='ltr' id='par_1_7' title="bbox 257 1975 468 1979">
     <span class='ocr_line' id='line_1_25' title="bbox 257 1975 468 1979; baseline 0 0"><span class='ocrx_word' id='word_1_227' title='bbox 257 1975 468 1979; x_wconf 95' lang='lat' dir='ltr'><strong> </strong></span> 
     </span>
    </p>
   </div>
   <div class='ocr_carea' id='block_1_4' title="bbox 340 2047 1614 2508">
    <p class='ocr_par' dir='ltr' id='par_1_8' title="bbox 340 2047 1614 2508">
     <span class='ocr_line' id='line_1_26' title="bbox 345 2047 1614 2090; baseline -0.001 -10"><span class='ocrx_word' id='word_1_228' title='bbox 345 2048 441 2090; x_wconf 89' lang='lat' dir='ltr'><strong>ruhe)</strong></span> <span class='ocrx_word' id='word_1_229' title='bbox 467 2047 566 2089; x_wconf 80' lang='lat' dir='ltr'><strong>[quae</strong></span> <span class='ocrx_word' id='word_1_230' title='bbox 589 2048 657 2080; x_wconf 91' lang='lat' dir='ltr'><strong>iam</strong></span> <span class='ocrx_word' id='word_1_231' title='bbox 681 2048 847 2087; x_wconf 82' lang='lat' dir='ltr'><strong>consiluit,</strong></span> <span class='ocrx_word' id='word_1_232' title='bbox 871 2047 1024 2089; x_wconf 71' lang='grc' dir='ltr'>κατέστηῑ]</span> <span class='ocrx_word' id='word_1_233' title='bbox 1058 2047 1140 2080; x_wconf 79' lang='lat' dir='ltr'><strong>iiber</strong></span> <span class='ocrx_word' id='word_1_234' title='bbox 1164 2047 1229 2080; x_wconf 87' lang='lat' dir='ltr'><strong>den</strong></span> <span class='ocrx_word' id='word_1_235' title='bbox 1252 2047 1422 2080; x_wconf 85' lang='lat' dir='ltr'><strong>Zeitraum</strong></span> <span class='ocrx_word' id='word_1_236' title='bbox 1445 2057 1513 2080; x_wconf 87' lang='lat' dir='ltr'><strong>von</strong></span> <span class='ocrx_word' id='word_1_237' title='bbox 1538 2047 1614 2079; x_wconf 73' lang='lat' dir='ltr'><strong>funs</strong></span> 
     </span>
     <span class='ocr_line' id='line_1_27' title="bbox 346 2106 1612 2149; baseline 0 -10"><span class='ocrx_word' id='word_1_238' title='bbox 346 2107 458 2149; x_wconf 83' lang='lat' dir='ltr'><strong>Tagen</strong></span> <span class='ocrx_word' id='word_1_239' title='bbox 481 2107 604 2140; x_wconf 86' lang='lat' dir='ltr'><strong>hinaus</strong></span> <span class='ocrx_word' id='word_1_240' title='bbox 628 2117 729 2148; x_wconf 81' lang='lat' dir='ltr'><strong>war‚‹</strong></span> <span class='ocrx_word' id='word_1_241' title='bbox 763 2107 794 2140; x_wconf 91' lang='lat' dir='ltr'><strong>d.</strong></span> <span class='ocrx_word' id='word_1_242' title='bbox 818 2108 851 2147; x_wconf 77' lang='lat' dir='ltr'><strong>h.</strong></span> <span class='ocrx_word' id='word_1_243' title='bbox 887 2106 951 2140; x_wconf 78' lang='lat' dir='ltr'><strong>»da</strong></span> <span class='ocrx_word' id='word_1_244' title='bbox 973 2107 1069 2139; x_wconf 88' lang='lat' dir='ltr'><strong>mehr</strong></span> <span class='ocrx_word' id='word_1_245' title='bbox 1092 2107 1143 2140; x_wconf 86' lang='lat' dir='ltr'><strong>als</strong></span> <span class='ocrx_word' id='word_1_246' title='bbox 1167 2107 1243 2139; x_wconf 76' lang='lat' dir='ltr'><strong>fiins</strong></span> <span class='ocrx_word' id='word_1_247' title='bbox 1262 2107 1350 2148; x_wconf 85' lang='lat' dir='ltr'><strong>Tage</strong></span> <span class='ocrx_word' id='word_1_248' title='bbox 1374 2106 1515 2139; x_wconf 88' lang='lat' dir='ltr'><strong>seitdem</strong></span> <span class='ocrx_word' id='word_1_249' title='bbox 1539 2116 1612 2139; x_wconf 87' lang='lat' dir='ltr'><strong>ver-</strong></span> 
     </span>
     <span class='ocr_line' id='line_1_28' title="bbox 347 2166 1612 2209; baseline 0 -10"><span class='ocrx_word' id='word_1_250' title='bbox 347 2168 472 2200; x_wconf 89' lang='lat' dir='ltr'><strong>ssossen</strong></span> <span class='ocrx_word' id='word_1_251' title='bbox 494 2177 640 2200; x_wconf 67' lang='lat' dir='ltr'><strong>waren«</strong></span> <span class='ocrx_word' id='word_1_252' title='bbox 678 2166 840 2208; x_wconf 89' lang='lat' dir='ltr'><strong>Equidem</strong></span> <span class='ocrx_word' id='word_1_253' title='bbox 864 2170 953 2209; x_wconf 82' lang='lat' dir='ltr'><strong>puto,</strong></span> <span class='ocrx_word' id='word_1_254' title='bbox 980 2166 1182 2208; x_wconf 75' lang='lat' dir='ltr'><strong>exquisitam</strong></span> <span class='ocrx_word' id='word_1_255' title='bbox 1206 2177 1281 2199; x_wconf 87' lang='lat' dir='ltr'><strong>esse</strong></span> <span class='ocrx_word' id='word_1_256' title='bbox 1304 2167 1393 2198; x_wconf 86' lang='lat' dir='ltr'><strong>hanc</strong></span> <span class='ocrx_word' id='word_1_257' title='bbox 1418 2167 1612 2208; x_wconf 83' lang='lat' dir='ltr'><strong>explicatio-</strong></span> 
     </span>
     <span class='ocr_line' id='line_1_29' title="bbox 346 2225 1613 2268; baseline 0 -9"><span class='ocrx_word' id='word_1_258' title='bbox 346 2236 434 2267; x_wconf 90' lang='lat' dir='ltr'><strong>nem,</strong></span> <span class='ocrx_word' id='word_1_259' title='bbox 459 2225 559 2260; x_wconf 80' lang='lat' dir='ltr'><strong>etiam</strong></span> <span class='ocrx_word' id='word_1_260' title='bbox 576 2226 652 2258; x_wconf 86' lang='lat' dir='ltr'><strong>loco</strong></span> <span class='ocrx_word' id='word_1_261' title='bbox 667 2226 793 2261; x_wconf 86' lang='lat' dir='ltr'><strong>Herod.</strong></span> <span class='ocrx_word' id='word_1_262' title='bbox 809 2227 821 2259; x_wconf 93' lang='lat' dir='ltr'>I</span> <span class='ocrx_word' id='word_1_263' title='bbox 837 2227 867 2267; x_wconf 88' lang='lat'>6,</span> <span class='ocrx_word' id='word_1_264' title='bbox 888 2227 929 2259; x_wconf 81' lang='lat'>12</span> <span class='ocrx_word' id='word_1_265' title='bbox 944 2227 979 2259; x_wconf 92' lang='lat' dir='ltr'><strong>in</strong></span> <span class='ocrx_word' id='word_1_266' title='bbox 995 2225 1284 2268; x_wconf 84' lang='lat' dir='ltr'><strong>comparationem</strong></span> <span class='ocrx_word' id='word_1_267' title='bbox 1308 2228 1449 2266; x_wconf 82' lang='lat' dir='ltr'><strong>vocat0;</strong></span> <span class='ocrx_word' id='word_1_268' title='bbox 1474 2226 1613 2268; x_wconf 88' lang='lat' dir='ltr'><strong>ipseque</strong></span> 
     </span>
     <span class='ocr_line' id='line_1_30' title="bbox 343 2285 1609 2327; baseline 0 -8"><span class='ocrx_word' id='word_1_269' title='bbox 343 2286 437 2320; x_wconf 86' lang='lat' dir='ltr'><strong>Stein</strong></span> <span class='ocrx_word' id='word_1_270' title='bbox 459 2286 691 2319; x_wconf 84' lang='lat' dir='ltr'><strong>difficultatem</strong></span> <span class='ocrx_word' id='word_1_271' title='bbox 714 2286 886 2327; x_wconf 80' lang='lat' dir='ltr'><strong>quandam</strong></span> <span class='ocrx_word' id='word_1_272' title='bbox 909 2286 1021 2319; x_wconf 87' lang='lat' dir='ltr'><strong>inesse</strong></span> <span class='ocrx_word' id='word_1_273' title='bbox 1045 2285 1125 2319; x_wconf 83' lang='lat' dir='ltr'><strong>dicit</strong></span> <span class='ocrx_word' id='word_1_274' title='bbox 1147 2286 1183 2318; x_wconf 91' lang='lat' dir='ltr'><strong>in</strong></span> <span class='ocrx_word' id='word_1_275' title='bbox 1206 2296 1255 2324; x_wconf 81' lang='lat' dir='ltr'><strong>eo,</strong></span> <span class='ocrx_word' id='word_1_276' title='bbox 1276 2285 1375 2318; x_wconf 81' lang='lat' dir='ltr'><strong>»dass</strong></span> <span class='ocrx_word' id='word_1_277' title='bbox 1401 2285 1460 2318; x_wconf 92' lang='lat' dir='ltr'><strong>der</strong></span> <span class='ocrx_word' id='word_1_278' title='bbox 1482 2286 1609 2319; x_wconf 86' lang='lat' dir='ltr'><strong>einmal</strong></span> 
     </span>
     <span class='ocr_line' id='line_1_31' title="bbox 340 2344 1607 2386; baseline -0.001 -8"><span class='ocrx_word' id='word_1_279' title='bbox 340 2346 585 2386; x_wconf 80' lang='lat' dir='ltr'><strong>stattgehabten</strong></span> <span class='ocrx_word' id='word_1_280' title='bbox 600 2346 735 2378; x_wconf 89' lang='lat' dir='ltr'><strong>Unruhe</strong></span> <span class='ocrx_word' id='word_1_281' title='bbox 751 2346 825 2378; x_wconf 88' lang='lat' dir='ltr'><strong>eine</strong></span> <span class='ocrx_word' id='word_1_282' title='bbox 841 2345 1015 2378; x_wconf 81' lang='lat' dir='ltr'><strong>dauernde</strong></span> <span class='ocrx_word' id='word_1_283' title='bbox 1031 2346 1186 2378; x_wconf 82' lang='lat' dir='ltr'><strong>Existenz</strong></span> <span class='ocrx_word' id='word_1_284' title='bbox 1202 2344 1366 2385; x_wconf 82' lang='lat' dir='ltr'><strong>beigelegt</strong></span> <span class='ocrx_word' id='word_1_285' title='bbox 1390 2344 1504 2376; x_wconf 80' lang='lat' dir='ltr'><strong>wird.‹</strong></span> <span class='ocrx_word' id='word_1_286' title='bbox 1530 2346 1607 2377; x_wconf 89' lang='lat' dir='ltr'><strong>Non</strong></span> 
     </span>
     <span class='ocr_line' id='line_1_32' title="bbox 341 2402 1610 2447; baseline -0.002 -10"><span class='ocrx_word' id='word_1_287' title='bbox 341 2414 427 2446; x_wconf 89' lang='lat' dir='ltr'><strong>opus</strong></span> <span class='ocrx_word' id='word_1_288' title='bbox 450 2407 501 2437; x_wconf 85' lang='lat' dir='ltr'><strong>est</strong></span> <span class='ocrx_word' id='word_1_289' title='bbox 523 2404 733 2446; x_wconf 81' lang='lat' dir='ltr'><strong>coniectura,</strong></span> <span class='ocrx_word' id='word_1_290' title='bbox 764 2415 866 2447; x_wconf 84' lang='lat' dir='ltr'><strong>quam</strong></span> <span class='ocrx_word' id='word_1_291' title='bbox 901 2404 1078 2447; x_wconf 78' lang='lat' dir='ltr'><strong>proposuit</strong></span> <span class='ocrx_word' id='word_1_292' title='bbox 1099 2404 1138 2436; x_wconf 89' lang='lat' dir='ltr'><strong>H.</strong></span> <span class='ocrx_word' id='word_1_293' title='bbox 1165 2413 1231 2436; x_wconf 84' lang='lat' dir='ltr'><strong>van</strong></span> <span class='ocrx_word' id='word_1_294' title='bbox 1254 2402 1477 2435; x_wconf 78' lang='lat' dir='ltr'><strong>Ilei-werden:</strong></span> <span class='ocrx_word' id='word_1_295' title='bbox 1508 2402 1557 2434; x_wconf 71' lang='grc' dir='ltr'><strong>καὶ</strong></span> <span class='ocrx_word' id='word_1_296' title='bbox 1579 2402 1610 2435; x_wconf 78' lang='grc' dir='ltr'><strong>ἐκ</strong></span> 
     </span>
     <span class='ocr_line' id='line_1_33' title="bbox 340 2462 1608 2508; baseline -0.002 -13"><span class='ocrx_word' id='word_1_297' title='bbox 340 2466 392 2495; x_wconf 83' lang='grc' dir='ltr'>τοῦ</span> <span class='ocrx_word' id='word_1_298' title='bbox 418 2473 463 2507; x_wconf 90' lang='grc'>&lt;</span> <span class='ocrx_word' id='word_1_299' title='bbox 487 2465 593 2507; x_wconf 83' lang='grc' dir='ltr'>χρόνος</span> <span class='ocrx_word' id='word_1_300' title='bbox 610 2473 655 2507; x_wconf 93' lang='grc'>&gt;</span> <span class='ocrx_word' id='word_1_301' title='bbox 681 2463 763 2496; x_wconf 71' lang='grc' dir='ltr'>πέντε</span> <span class='ocrx_word' id='word_1_302' title='bbox 784 2464 835 2508; x_wconf 58' lang='lat' dir='ltr'><strong>fin..</strong></span> <span class='ocrx_word' id='word_1_303' title='bbox 859 2463 902 2508; x_wconf 82' lang='grc' dir='ltr'><strong>ἐγ.</strong></span> <span class='ocrx_word' id='word_1_304' title='bbox 926 2465 982 2497; x_wconf 90' lang='lat' dir='ltr'><strong>vel</strong></span> <span class='ocrx_word' id='word_1_305' title='bbox 1004 2463 1052 2496; x_wconf 69' lang='grc' dir='ltr'><strong>καὶ</strong></span> <span class='ocrx_word' id='word_1_306' title='bbox 1074 2462 1106 2495; x_wconf 77' lang='grc' dir='ltr'><strong>ἐκ</strong></span> <span class='ocrx_word' id='word_1_307' title='bbox 1128 2465 1183 2495; x_wconf 85' lang='grc' dir='ltr'>τόσ</span> <span class='ocrx_word' id='word_1_308' title='bbox 1201 2470 1246 2506; x_wconf 92' lang='grc'>&lt;</span> <span class='ocrx_word' id='word_1_309' title='bbox 1264 2473 1299 2493; x_wconf 86' lang='grc' dir='ltr'><strong>ου</strong></span> <span class='ocrx_word' id='word_1_310' title='bbox 1320 2463 1426 2504; x_wconf 80' lang='grc' dir='ltr'>χρόνος</span> <span class='ocrx_word' id='word_1_311' title='bbox 1444 2472 1488 2506; x_wconf 88' lang='grc'>&gt;</span> <span class='ocrx_word' id='word_1_312' title='bbox 1507 2473 1537 2494; x_wconf 82' lang='grc' dir='ltr'><strong>π.</strong></span> <span class='ocrx_word' id='word_1_313' title='bbox 1557 2463 1608 2508; x_wconf 79' lang='grc' dir='ltr'><strong>ἥμ.</strong></span> 
     </span>
    </p>
   </div>
   <div class='ocr_carea' id='block_1_5' title="bbox 336 2522 1375 2614">
    <p class='ocr_par' dir='ltr' id='par_1_9' title="bbox 336 2522 1375 2614">
     <span class='ocr_line' id='line_1_34' title="bbox 339 2522 910 2567; baseline 0.004 -13"><span class='ocrx_word' id='word_1_314' title='bbox 339 2522 450 2566; x_wconf 78' lang='grc' dir='ltr'>ἐγένετο</span> <span class='ocrx_word' id='word_1_315' title='bbox 472 2524 606 2564; x_wconf 83' lang='lat' dir='ltr'><strong>(Mnem.</strong></span> <span class='ocrx_word' id='word_1_316' title='bbox 629 2533 662 2556; x_wconf 93' lang='lat' dir='ltr'><strong>n.</strong></span> <span class='ocrx_word' id='word_1_317' title='bbox 687 2534 715 2556; x_wconf 83' lang='lat' dir='ltr'><strong>s.</strong></span> <span class='ocrx_word' id='word_1_318' title='bbox 739 2524 797 2556; x_wconf 89' lang='lat' dir='ltr'><strong>XII</strong></span> <span class='ocrx_word' id='word_1_319' title='bbox 819 2524 910 2567; x_wconf 76' lang='lat'>411).</span> 
     </span>
     <span class='ocr_line' id='line_1_35' title="bbox 336 2577 1375 2614; baseline 0.002 -7"><span class='ocrx_word' id='word_1_320' title='bbox 336 2584 368 2607; x_wconf 75' lang='lat' dir='ltr'><strong>A.</strong></span> <span class='ocrx_word' id='word_1_321' title='bbox 387 2583 453 2614; x_wconf 55' lang='grc' dir='ltr'><strong>δια.</strong></span> <span class='ocrx_word' id='word_1_322' title='bbox 470 2578 629 2608; x_wconf 67' lang='lat' dir='ltr'><strong>utoaoiskc.</strong></span> <span class='ocrx_word' id='word_1_323' title='bbox 664 2583 704 2607; x_wconf 75' lang='lat' dir='ltr'><strong>Do</strong></span> <span class='ocrx_word' id='word_1_324' title='bbox 720 2587 809 2609; x_wconf 75' lang='lat' dir='ltr'><strong>eun-t.</strong></span> <span class='ocrx_word' id='word_1_325' title='bbox 828 2584 897 2614; x_wconf 67' lang='lat' dir='ltr'><strong>auus.</strong></span> <span class='ocrx_word' id='word_1_326' title='bbox 914 2585 1072 2610; x_wconf 65' lang='lat' dir='ltr'><strong>mutibus.</strong></span> <span class='ocrx_word' id='word_1_327' title='bbox 1354 2577 1375 2609; x_wconf 87' lang='lat'>4</span> 
     </span>
    </p>
   </div>
  </div>
 </body>
</html>
