1836 2828
789 131 1059 173 ...3ίρ

225 261 455 315 Scehweigh„
483 262 623 312 Basshn
654 263 837 312 Krueger‚
865 262 982 304 Stein.
1038 263 1158 304 Miror
1185 263 1328 312 itaque,
1366 274 1444 312 qua
1472 261 1623 301 ratione

223 333 374 383 Heikd,
411 333 467 372 De
495 336 595 382 part.
623 333 730 383 apud
756 333 897 372 Herod.
918 345 992 372 usu
1020 346 1058 383 p.
1078 333 1131 374 33
1160 333 1209 373 de
1235 333 1312 372 hoc
1339 333 1540 372 enuntiato
1569 333 1622 372 ita

221 394 439 455 scripserit:
480 403 540 441 »in
569 402 701 444 dativo
728 415 798 444 eur
824 403 958 446 dicant
984 403 1151 443 editores
1178 403 1304 442 inesse
1331 401 1621 441 anacoluthiam

224 475 294 518 aut
320 476 522 523 peecatum
550 472 832 522 (Nersehem)
858 473 1058 523 scriptoris
1086 484 1183 513 non
1217 472 1488 523 intellego,
1532 483 1621 511 cum

221 535 328 594 apud
347 542 444 585 alios
462 553 618 592 quoque
635 543 844 592 scriptores
864 543 951 582 talis
977 543 1197 585 inveniatur
1224 546 1431 592 structura,
1460 546 1502 581 ut
1521 543 1618 581 Xen.

222 612 296 652 An.
326 613 341 650 Ι
379 611 428 651 21
469 611 716 665 παραγγέὶλει
751 618 806 661 τῷ
844 610 916 651 Κλ.
945 612 1093 662 λαβόντι
1130 612 1228 666 ἥκειν
1264 612 1471 666 στράτευμα
1510 616 1619 653 ebes.

223 683 335 731 Fugit
361 694 470 730 eum,
509 683 572 729 agi
599 682 662 723 hic
689 683 738 721 de
765 683 897 722 dativo
935 695 1023 725 cum
1060 681 1202 734 πρήξειν
1240 683 1383 721 iuncto.
1432 683 1534 722 Nihil
1561 686 1621 721 aet

222 752 350 802 etiam,
380 751 483 804 quod
508 752 783 804 demonstrem,
812 751 956 792 frustra
984 756 1022 792 et
1050 752 1245 795 Reiskium
1276 757 1366 793 ante
1393 751 1620 806 συγκτίζουσι

223 823 430 865 inseruisse
458 825 488 862 εἰ
515 826 554 863 et
587 822 839 862 Sohaeferum
877 822 952 871 (ed.
982 834 1018 862 a.
1052 823 1171 871 1801)
1208 821 1349 874 πρήξειν
1378 826 1551 863 mutasse
1578 824 1617 860 in

227 890 400 947 παρέξειν.

353 968 389 1007 ὃ.
445 966 671 1021 Προχωρέειν
718 967 991 1017 »procedere«.
1051 968 1163 1006 Notio
1210 968 1476 1020 prosperitatis
1522 968 1618 1008 inest

224 1039 263 1077 in
283 1038 424 1078 vocula
451 1037 518 1091 πρό
547 1038 626 1088 (lat.
647 1037 741 1088 pro).
773 1038 1026 1087 Frequentior
1044 1041 1105 1078 est
1131 1039 1367 1082 constructio
1395 1038 1619 1087 personalis.

353 1110 395 1159 a)
423 1109 514 1148 Sine
542 1109 725 1157 subiecto,
756 1109 770 1147 1
798 1109 862 1158 84,
891 1109 916 1147 6
945 1108 1040 1162 μετὰ
1069 1102 1108 1146 δὲ
1135 1114 1246 1147 τοῦτο
1274 1108 1528 1162 πειρησαμένης
1556 1113 1621 1162 τῆς

223 1183 389 1232 στρατιῆς
422 1182 470 1223 ὡς
506 1181 547 1217 οὐ
585 1179 787 1232 προεχώρεε
814 1198 850 1209 ω
878 1177 964 1231 ἀνὴρ
1002 1173 1148 1231 Μάρδος
1186 1180 1350 1232 ἐπειρᾶτο
1388 1179 1618 1231 προσβαίνων.

222 1250 237 1288 Ι
265 1249 357 1301 205,
388 1249 411 1287 7
442 1250 489 1293 ὣς
516 1251 548 1286 οἱ
576 1242 672 1298 δόλῳ
701 1250 742 1286 οὐ
770 1248 983 1302 προεχώρεε.

353 1318 392 1363 b)
420 1319 517 1358 Cum
547 1319 732 1368 subiecto,
760 1318 795 1357 V
824 1319 888 1368 62,
916 1319 1052 1358 8—10
1077 1319 1195 1357 ἐπείτε
1223 1333 1281 1372 σφι
1309 1321 1378 1368 (sc.
1400 1317 1619 1371 Ἀλκμεωνί-

221 1381 312 1439 Sanc)
331 1387 617 1441 ωπειρωμένοιοτ
643 1387 742 1425 κατὰ
768 1388 812 1426 τὰ
841 1388 982 1442 ἰσχυρὸν
1009 1390 1051 1425 οὐ
1079 1388 1283 1442 προεχώρεε
1311 1382 1463 1433 κάτοδος
1476 1390 1505 1438 ¹)
1533 1390 1612 1426 κτὲ.

225 1459 305 1497 vul
337 1459 424 1507 102,
453 1460 573 1497 7.—8.
607 1459 695 1507 108,
731 1459 897 1497 14—15.

352 1524 613 1575 Adnotatio.
663 1527 906 1578 Thucydides
934 1528 1099 1578 saepius,
1128 1540 1246 1578 quam
1275 1528 1504 1577 Herodotus,
1537 1527 1620 1567 sine

220 1598 394 1639 subiecto
422 1604 618 1651 προχωρεῖν
646 1598 833 1644 adhibuit,
862 1598 929 1637 sed
950 1599 1055 1648 apud
1074 1598 1178 1637 illum
1200 1609 1354 1648 quoque
1381 1598 1619 1637 constructio

220 1668 433 1718 personalis
461 1668 669 1718 praevalet,
696 1668 743 1708 cf.
774 1669 864 1709 adn.
892 1669 1067 1709 Classeni
1094 1669 1145 1708 ad
1174 1669 1294 1712 Thuc.
1324 1669 1338 1707 1
1372 1668 1458 1719 109,
1486 1669 1524 1707 3.

308 1805 329 1848 ¹)
353 1805 380 1839 V
401 1805 453 1839 62.
478 1806 626 1847 Krueger
648 1805 840 1847 suspicatur
862 1805 1100 1848 interpolatum
1124 1816 1200 1839 esse
1224 1806 1328 1843 subst.
1353 1804 1486 1846 κάτοδος,
1509 1806 1619 1840 ratio-

350 1874 427 1902 nem
452 1864 579 1901 ducens
602 1865 668 1898 loci
689 1865 703 1896 1
725 1865 780 1909 84,
802 1865 860 1901 ubi
883 1875 914 1897 ν.
931 1864 1096 1907 προεχώρεε
1118 1865 1191 1901 siue
1214 1865 1366 1900 subiecto
1389 1865 1537 1911 positum
1561 1868 1612 1898 est

350 1924 584 1971 persuasitque
607 1924 734 1957 Steinio
759 1924 823 1966 (ed.
839 1935 884 1957 cr.
908 1924 1045 1967 poster.)
1068 1928 1101 1957 et
1123 1924 1528 1968 Dietsch.-Kallenbergi0,
1553 1925 1610 1965 qui

350 1993 468 2016 vocem
491 1983 580 2016 hanc
603 1984 785 2017 eliminant.
825 1984 891 2016 Sed
923 1983 1018 2016 deest
1046 1984 1136 2017 iusta
1166 1993 1272 2016 causa
1308 1983 1521 2025 suspicionis.
1561 1984 1613 2016 Ab

349 2043 445 2076 initio
476 2053 549 2086 cap.
573 2043 617 2075 62
645 2043 702 2076 lib.
727 2043 754 2078 V
776 2053 884 2085 usque
906 2043 950 2077 ad
972 2053 1005 2076 v.
1027 2043 1049 2076 8
1072 2053 1120 2085 sq.
1144 2043 1295 2076 nondum
1325 2043 1425 2085 plane
1447 2043 1611 2085 comperi-

355 2113 442 2143 mus,
458 2103 698 2136 Alcmeonidas
713 2103 892 2135 consilium
909 2103 1038 2145 cepisse
1054 2103 1205 2135 Athenas
1220 2102 1393 2143 redeundi,
1409 2102 1615 2135 vocabulum

350 2161 451 2203 igitur
473 2160 597 2198 κάτοδος
619 2161 675 2194 hic
697 2161 881 2198 admodum
905 2163 957 2196 est
977 2161 1218 2195 necessarium.
1263 2161 1313 2194 Ne
1336 2171 1436 2202 quem
1460 2161 1613 2194 offendat

349 2221 402 2254 bis
423 2221 565 2264 repetita
587 2221 706 2259 eadem
729 2221 911 2259 sententia:
946 2219 1038 2254 ἐπείτε
1059 2238 1092 2248 2„
1113 2219 1236 2257 κάτοδος
1266 2221 1309 2263 (v.
1334 2221 1454 2263 8—10)
1479 2224 1512 2254 et
1534 2218 1613 2252 ἀλλὰ

348 2280 534 2327 προςέπτοιιον
555 2279 691 2324 μεγάλως
712 2280 879 2324 πειρώμενοι
899 2280 1021 2312 κατιέναι
1044 2282 1088 2320 (v.
1114 2280 1177 2322 10),
1213 2280 1369 2322 respiciat
1396 2290 1524 2320 quaeso
1547 2280 1611 2312 He-

349 2339 508 2374 rodoteae
538 2350 645 2382 genus
675 2340 839 2374 orationis
863 2341 976 2374 fusum
999 2343 1101 2382 amne
1125 2343 1277 2373 tractum.
1323 2339 1366 2372 At
1388 2342 1506 2372 contra
1528 2340 1542 2372 1
1564 2339 1609 2373 84

349 2400 418 2433 iam
440 2400 477 2432 in
499 2399 775 2433 antecedentibus
797 2400 941 2441 scriptor
963 2399 1126 2432 indicavit
1147 2409 1197 2439 ea,
1222 2399 1266 2431 ad
1290 2408 1377 2438 quae
1400 2399 1504 2431 verba
1519 2397 1560 2435 ὡς
1578 2398 1615 2429 οὐ

349 2459 514 2503 προεχώρεε
543 2458 722 2498 referenda
751 2461 848 2499 suut,
879 2458 920 2495 cf.
945 2458 1025 2496 ibid,
1049 2468 1080 2491 v.
1105 2459 1126 2491 5
1149 2457 1261 2501 (Κῦρος)
1285 2459 1402 2500 προεῖπε
1425 2480 1433 2488 .
1458 2481 1466 2489 .
1490 2456 1615 2500 ἐπιβάντι

349 2522 402 2555 τοῦ
423 2519 534 2563 τείχεος
555 2520 636 2562 δῶρα
657 2518 767 2553 &dmm
