1836 2828
793 138 1063 179 ,40-

229 280 309 320 ρετο
338 267 580 321 παλιγκότως.
631 267 795 306 Locuti0
824 267 1030 315 insolens3⁴
1051 268 1139 306 adV.
1170 267 1404 321 παλιγκότως
1433 268 1626 308 Invenitur

230 339 348 378 etiam
377 338 483 386 apud
511 338 729 387 Euripidem
759 338 796 375 in
827 338 973 386 fragm„
1002 337 1105 386 quod
1134 338 1328 377 Stobaeus
1358 339 1532 386 Florileg.
1562 338 1628 387 99,
1684 331 1689 334 ’

231 408 256 446 8
285 408 468 447 servavit.

362 478 639 517 Personaliter:
679 479 724 516 III
759 479 817 525 10,
856 479 881 516 6
919 478 955 515 ἐν
993 484 1083 515 τοῖσι
1120 471 1222 516 οὐδέν
1259 480 1291 515 οἱ
1329 477 1426 529 μέγα
1465 477 1628 530 ἀνάρσιον

229 551 378 601 πρῆγμα
407 546 619 601 συνηείχθη,
647 547 698 585 IV
730 547 819 598 157,
847 547 872 586 2
906 540 1008 585 οὐδὲν
1035 545 1106 602 γάρ
1134 559 1194 601 σφι
1222 547 1379 601 χρηστὸν
1406 535 1626 604 συνεφέρετο.

362 616 624 660 Adnotatio.
655 618 874 657 Herodotus
904 619 1110 667 praecipue
1149 619 1189 656 in
1217 618 1406 658 eiusmodi
1432 619 1631 658 sententiis

230 689 386 738 passivo
414 687 659 741 συμφέρεσθαι
687 688 818 727 utitur.
861 689 1010 738 Rarius,
1044 699 1196 738 semper
1233 691 1369 730 tamen
1394 700 1484 727 eum
1503 688 1632 729 subie-

230 762 305 808 cto,
325 760 493 798 occurrit
511 759 616 808 apud
636 771 724 798 eum
741 760 909 798 activum
931 758 1116 812 συμφέρειν
1135 770 1253 799 sensu
1273 759 1394 799 »bene
1421 760 1598 799 evenire«
1620 774 1630 799 ε
1655 807 1658 810 ,

232 830 311 869 VIII
340 831 403 879 87,
436 830 487 870 10
513 830 557 868 τὸ
586 831 646 868 καὶ
674 828 854 883 συνήνεικε
880 828 1068 884 ποιησάσῃ,
1096 831 1148 869 IX
1168 831 1233 882 37,
1255 830 1306 869 27
1326 832 1368 868 οὐ
1387 829 1509 883 μέντοι
1529 832 1563 874 ἐς
1582 843 1627 883 γε

231 900 336 943 τέλος
362 903 394 937 οἱ
421 898 601 952 συνήνεικε
630 901 674 937 τὸ
704 900 829 952 ἐχθος,
860 901 940 938 VIII
962 902 1024 948 88,
1049 901 1090 938 11
1122 899 1172 937 τά
1189 914 1234 938 τε
1260 900 1331 953 γὰρ
1359 899 1458 938 ἄλλα
1477 919 1512 931 ω
1532 902 1626 952 αὐτῇ

233 968 413 1022 συνήνεικε
442 970 476 1014 ἐς
504 971 675 1023 εὐτυχίην
703 970 888 1023 γενόμενα.
931 970 1077 1009 Contra
1104 974 1242 1020 poetae
1265 973 1303 1010 et
1332 970 1497 1020 prosaici
1516 970 1632 1009 Attici

230 1041 280 1078 ad
316 1041 477 1078 similem
512 1051 593 1078 rem
628 1040 905 1087 designandam
940 1044 1164 1079 constanter
1197 1044 1270 1078 aet.
1300 1039 1484 1093 συμφέρειν
1518 1051 1631 1078 usur-

231 1114 337 1160 pant.
367 1110 434 1149 Ar.
469 1110 566 1149 Eecl.
595 1111 676 1150 475
715 1107 845 1148 ἅπαντ’
873 1110 932 1149 ἐπὶ
958 1109 1002 1148 τὰ
1031 1110 1172 1160 βέλτιον
1200 1111 1282 1164 ἡμῖν
1310 1108 1504 1165 ξυμφέρειν,
1532 1111 1629 1150 Xen.

230 1182 301 1219 An.
330 1181 396 1218 VII
426 1183 462 1229 8,
491 1182 517 1219 4
545 1180 819 1230 συνεβούλευσεν
846 1176 906 1218 οὖν
934 1182 1035 1229 αὐτῷ
1066 1180 1232 1219 θύεσθαι
1260 1200 1305 1229 ω,
1335 1181 1396 1218 καὶ
1424 1184 1491 1234 ἔφη
1519 1181 1632 1219 συνοί-

231 1264 303 1288 σειν
340 1250 398 1288 ἐπὶ
434 1250 478 1288 τὸ
516 1250 668 1299 βέλτιον.
709 1250 766 1289 Cf.
797 1250 884 1289 adn.
913 1248 1098 1298 Krilegeri
1126 1251 1177 1289 ad
1205 1252 1300 1289 Xen.
1329 1251 1394 1290 VII
1429 1254 1466 1300 8,
1493 1253 1520 1290 4
1550 1252 1630 1300 (Gr.

232 1331 286 1368 gr.
316 1320 381 1368 49,
411 1320 446 1368 2,
475 1322 516 1366 6)
545 1323 583 1358 et
611 1319 745 1359 Steinii
772 1320 823 1358 ad
851 1320 989 1359 Herod.
1021 1319 1084 1358 VII
1114 1322 1178 1369 8²,
1207 1320 1245 1358 7.

364 1390 395 1439 l)
424 1390 626 1442 ἐτελεώθη,
665 1391 678 1428 Ι
721 1391 808 1439 160,
848 1392 955 1430 6-7
984 1389 1293 1443 παρεσκευάζοντο
1322 1391 1379 1428 ἐπὶ
1407 1390 1531 1441 μισθῷ
1558 1391 1631 1439 ὅσῳ

236 1453 281 1513 δή
310 1453 514 1511 (ἐκιδιὸόναι
541 1459 604 1498 τὸν
624 1458 829 1513 Πακτύην),
848 1462 890 1498 οὐ
910 1460 980 1513 γὰρ
1001 1463 1078 1513 ἐχω
1095 1460 1206 1498 τοῦτό
1230 1473 1274 1513 γε
1293 1463 1401 1499 εἰπεῖν
1430 1460 1608 1514 ἀτρεκέως
1622 1473 1631 1481 ·

232 1532 273 1568 οὐ
302 1529 372 1584 γὰρ
402 1529 604 1583 ἐτελεώθη.

361 1600 416 1651 m)
445 1600 688 1654 τετιμκὺρηταί
714 1614 801 1649 τινι,
839 1602 890 1639 IX
920 1602 992 1650 79,
1031 1601 1207 1640 12—13
1236 1594 1402 1654 Λεωνίδῃ
1433 1594 1483 1651 δέ,
1502 1606 1557 1650 τῷ
1586 1614 1631 1654 με

232 1670 387 1714 κελεύεις
413 1675 622 1724 τιμωρῆσαι,
651 1671 740 1724 φημὶ
768 1669 938 1724 μεγάλως
964 1670 1249 1724 τετιμωρῆσθαι.

341 1743 382 1790 n)
412 1740 634 1794 ἐκεχάριστο,
659 1741 736 1779 VIII
757 1742 793 1790 5,
819 1741 867 1780 13
887 1742 948 1779 καὶ
966 1748 1056 1779 τοῖσι
1075 1740 1248 1785 Εὐβοεῦσι
1270 1741 1481 1795 ἐκεχάριστο
1516 1754 1626 1790 »gra-

232 1816 315 1851 tum
344 1812 490 1851 factum
519 1815 578 1851 est
607 1811 919 1851 Euboeensibus‹
954 1811 1186 1863 Schw.eigh.‚
1216 1812 1305 1852 LeX.
1333 1824 1365 1851 s.
1397 1824 1432 1851 ν.

363 1884 402 1932 0)
431 1881 607 1935 ἐχρήσθη,
636 1883 702 1921 VII
735 1883 822 1931 143,
852 1884 979 1921 6-7
1010 1882 1159 1935 (λέγων)
1188 1884 1255 1920 οὐκ
1283 1881 1327 1920 ἂν
1350 1885 1444 1920 οὕτω
1481 1897 1539 1934 μιν
1574 1876 1634 1920 δο-

232 1951 324 1990 κέειν
354 1952 465 2005 ἠπίως
494 1953 711 2005 χρησθῆναι.

909 2064 958 2103 Β.

363 2163 405 2213 a)
435 2161 587 2216 ἄρχεται
616 2162 684 2200 ὑπό
712 2177 778 2200 τινι
807 2163 851 2201 ΙΙΙ
881 2164 945 2211 97,
983 2163 1032 2201 16
1068 2162 1101 2207 ἐς
1134 2168 1243 2200 τοῦτο
1278 2162 1348 2216 γὰρ
1383 2162 1426 2200 τὸ
1460 2161 1536 2216 ὅρος
1564 2162 1632 2200 ὑπὸ

234 2231 391 2288 Πέρσῃσι
420 2232 583 2287 ἄρχεται.

363 2304 398 2353 b)
427 2304 671 2354 βεβούλευται,
707 2304 971 2357 βεβουλευμένοι
1006 2308 1105 2343 ἔσται
1139 2317 1227 2343 cum
1262 2304 1405 2344 dativ.:
1443 2304 1509 2343 VII
1548 2295 1633 2353 10⁸,

233 2375 368 2413 8—10
395 2377 414 2412 ὁ
439 2368 478 2412 δὲ
507 2374 786 2428 βουλευσάμενος
815 2376 976 2428 αἰσχρῶς,
1005 2376 1037 2412 εἴ
1054 2377 1085 2411 οἱ
1103 2376 1126 2428 ἡ
1145 2374 1243 2427 τύχη
1272 2374 1465 2423 ἐπίσποιτο,
1494 2373 1632 2427 εὕρημα

234 2445 372 2499 εὕρηκε,
409 2441 514 2498 ἧσσον
544 2440 583 2483 δὲ
612 2439 714 2483 οὐδέν
733 2448 764 2483 οἱ
789 2451 910 2489 κακῶς
938 2444 1173 2495 βεβούλευται
1205 2444 1347 2483 »nihilo
1376 2444 1503 2483 minus
1532 2443 1634 2483 male

234 2517 285 2555 ab
314 2528 359 2554 co
389 2517 606 2555 consultum
639 2516 728 2554 fuit«
764 2515 993 2564 Schweigh„
1022 2515 1109 2553 Lex.
1130 2527 1158 2552 s.
1179 2528 1215 2553 v.
1237 2515 1324 2553 -1
1356 2515 1443 2563 112,
1476 2515 1634 2552 13—14
