1836 2828
788 154 1052 197 —18-..

222 330 267 373 4.
313 330 564 373 Enuntiata
594 330 822 373 notionem
852 329 1032 383 inopiae
1062 332 1109 372 et
1137 328 1293 382 copiae
1321 327 1626 382 designantia.

355 435 486 475 Verba
515 439 605 474 sunt
632 435 751 475 haee:
779 428 844 487 δεῖ,
875 428 994 482 ἑνδέει,
1025 428 1206 482 καταδέει,
1238 435 1393 488 ἀποχρᾷ.

355 507 396 555 a)
426 499 482 543 δεῖ
507 506 696 553 significat
725 505 764 555 α)
795 506 902 545 deest
918 506 959 554 1),
991 505 1029 555 β)
1059 517 1157 555 opus
1186 508 1256 544 est.
1309 507 1347 553 α)
1377 505 1422 543 ΙΙΙ
1453 505 1541 554 155,
1576 505 1624 543 16

224 569 296 629 ἤδη
326 572 374 614 ὦν
403 573 445 629 ἢν
475 574 524 629 μὴ
552 581 626 614 τῶν
655 581 725 614 σῶν
756 569 864 629 δεήσῃ
882 576 924 625 2),
954 575 1113 629 αἱρέομεν
1142 574 1356 625 Βαβυλῶνα.

357 647 394 697 β)
425 648 469 685 III
499 648 561 696 57,
595 647 645 686 15
673 646 760 684 τότε
786 640 830 699 δὴ
852 640 908 684 δεῖ
933 640 1129 699 φράδμονος
1158 640 1279 699 ἀνδρὸς
1308 646 1552 694 (oraculum),
1580 646 1626 684 III

229 719 317 767 127,
351 718 399 756 13
430 717 523 755 ἔνθα
542 717 612 770 γὰρ
634 717 754 770 σοφίης
774 711 837 765 δεῖ,
869 718 943 770 βίης
965 720 1066 770 ἔργον
1085 710 1199 766 οὐδέν’,
1229 717 1280 755 IV
1299 717 1363 767 43,
1393 717 1447 755 20
1472 714 1626 770 περήσας

225 783 264 826 δὲ
292 787 487 826 ,θάλασσαν
524 786 662 840 πολλὴν
701 788 736 826 ὲν
773 789 936 826 πολλοῖσι
973 788 1078 840 μησί,
1120 787 1238 826 ἐπείτε
1275 792 1341 825 τοῦ
1378 789 1527 831 πλεῦνος
1561 787 1628 824 αἰεὶ

228 853 326 910 ὲδεε,
345 889 352 896 .
372 889 380 896 .
425 858 586 897 ἀπέπλεε
624 861 701 896 κτὲ.
760 860 801 897 In
838 858 913 897 hoe
950 858 1126 907 exemplo
1163 871 1200 896 V.
1241 852 1318 896 ἔδεε
1357 858 1474 897 etiam
1511 869 1627 896 sensu

234 929 410 969 ›deerat‹
446 929 567 979 accipi
597 933 733 979 potest.
792 928 1010 968 Accedunt:
1040 928 1090 967 IV
1121 929 1209 978 134,
1241 928 1291 968 12
1321 928 1451 981 βουλῆς
1480 927 1628 981 ἀγαὲῆς

227 993 301 1048 δεῖ,
342 1001 392 1038 IX
423 1001 485 1049 98,
522 1000 544 1038 7
575 998 930 1052 παρασκευασάμενοι
959 995 1007 1037 ὧν
1037 1000 1070 1044 ἐς
1098 999 1299 1052 ναυμαχίην
1326 1000 1386 1037 καὶ
1415 997 1630 1050 ἀποβάθρας

226 1072 287 1108 καὶ
316 1069 414 1108 ἄλλα
447 1071 539 1108 ὅσων
578 1064 675 1118 ἔδεε,
715 1071 802 1110 vide
831 1070 1003 1120 Thucyd.
1035 1070 1084 1109 VI
1114 1071 1186 1119 71,
1226 1071 1250 1109 2
1279 1068 1328 1108 τά
1352 1083 1395 1108 τε
1433 1069 1532 1107 ἄλλα
1568 1070 1629 1106 καὶ

225 1146 321 1178 σῖτον
350 1141 410 1178 καὶ
438 1140 529 1178 ὅσων
558 1134 630 1179 δέοι
658 1139 1016 1194 παρασκευάσωνται.

358 1211 396 1261 b)
425 1205 534 1250 ἐνδέει
569 1212 716 1251 ›deest‹
753 1212 815 1250 VII
848 1213 907 1261 18,
940 1212 1100 1252 19—20
1127 1212 1224 1249 ποίεε
1253 1205 1292 1249 δὲ
1318 1211 1414 1249 οὕτω
1442 1211 1534 1255 ὅκως
1561 1216 1627 1248 τοῦ

225 1283 318 1320 ,θεοῦ
347 1275 601 1335 παραδιδόντος
629 1288 703 1320 τῶν
732 1288 803 1319 σῶν
833 1275 988 1334 ἐνδεήσει
1017 1275 1128 1334 μηδέν
1155 1287 1217 1321 »ut
1246 1282 1351 1321 nulla
1378 1283 1417 1321 in
1447 1293 1489 1321 re
1517 1282 1627 1321 auxi-

226 1352 319 1390 lium
349 1357 460 1391 tuum
490 1353 619 1392 desit.‹
655 1352 710 1391 Cf.
740 1353 882 1391 Herod.
911 1353 955 1390 ΙΙΙ
990 1353 1085 1401 155,
1120 1353 1169 1391 16
1199 1346 1353 1406 (δεήσῃ).
1403 1346 1522 1390 Ἐνδεϊ
1546 1354 1628 1391 sine

227 1424 401 1463 subiecto
422 1427 634 1473 usurpatur
653 1435 769 1473 saepe
789 1424 828 1462 in
848 1416 965 1473 prosa
994 1423 1171 1463 oratione
1199 1423 1424 1473 Atticorum,
1453 1423 1497 1462 cf.
1520 1423 1628 1462 Plato

226 1494 392 1543 Euthyd.
425 1507 462 1544 p.
494 1494 573 1533 292
603 1506 635 1533 e.
666 1494 844 1544 Xenoph.
876 1494 948 1532 An.
979 1494 1043 1532 VII
1074 1494 1107 1543 1,
1137 1494 1200 1532 41.

359 1566 394 1614 c)
423 1558 593 1602 καταδέει
638 1564 787 1603 ›deest‹
823 1564 902 1602 VIII
932 1565 1004 1612 82,
1048 1564 1098 1603 10
1136 1557 1198 1602 δύο
1233 1564 1302 1616 γὰρ
1341 1558 1385 1616 δὴ
1422 1570 1509 1602 νεῶν
1542 1564 1629 1602 τότε

228 1627 380 1672 κατέδεε
410 1633 444 1678 ἐς
471 1633 535 1671 τὸν
564 1633 729 1687 ἀριθμόν.
762 1635 875 1673 Potes
905 1645 1058 1683 quoque
1086 1633 1330 1683 interpretari
1358 1645 1479 1683 »opus
1507 1637 1624 1673 erat«

311 1793 332 1835 ¹)
357 1794 451 1826 Hane
475 1793 754 1834 significationem
787 1793 936 1825 servavit
967 1793 1008 1824 δεῖ
1041 1793 1075 1824 in
1109 1793 1336 1826 locutionibus
1366 1792 1497 1833 πολλοῦ,
1529 1791 1630 1836 ὀλίγου

358 1854 400 1883 δεῖ
423 1856 455 1885 et
478 1853 512 1885 in
537 1852 733 1894 compositis
758 1851 851 1893 ἐνδέει,
874 1852 1013 1893 καταδέει,
1044 1851 1152 1883 ἐπιδέει.
1200 1853 1417 1885 Recentiores
1447 1853 1511 1885 viri
1541 1853 1631 1885 docti

361 1922 430 1944 non
446 1912 519 1944 sine
543 1921 648 1944 causa
673 1915 871 1953 comparant
895 1912 1035 1945 verbum
1051 1912 1117 1952 δεῖν,
1141 1912 1333 1945 hom-aeol.
1357 1912 1431 1943 δεύω
1456 1911 1627 1954 »indigeo«

361 1981 438 2003 cum
462 1982 591 2004 sanscr.
616 1971 687 2009 das,
712 1972 821 2004 dasati
846 1972 994 2013 (inopem
1018 1972 1166 2004 alicuius
1190 1972 1237 2004 rei
1261 1972 1357 2013 esse).
1383 1972 1429 2005 Cf.
1454 1971 1543 2011 Fick‚
1559 1972 1628 2013 Vgl.

361 2030 410 2062 W.
436 2029 467 2062 d.
492 2029 580 2071 indg.
606 2030 678 2071 Spr.
705 2030 738 2061 1³
764 2030 836 2062 108.
872 2030 1008 2063 Curtius
1032 2030 1130 2071 Etym
1141 2031 1161 2062 ⁵.
1187 2030 1258 2062 234.
1283 2030 1470 2070 Miklosich,
1494 2030 1573 2063 Sub.
1599 2031 1632 2062 S.

361 2100 392 2130 p.
417 2089 469 2121 52.

316 2148 340 2188 ²)
365 2148 406 2179 III
424 2148 496 2187 155,
516 2147 565 2179 16.
592 2148 746 2189 Zopyrus
763 2148 852 2190 cepit
868 2148 1048 2180 consilium
1064 2148 1308 2190 expugnandae
1325 2147 1518 2190 Babylonis,
1542 2148 1632 2189 quod

364 2217 432 2239 non
450 2207 634 2249 perimetur
650 2207 752 2240 Dario
775 2206 977 2247 adiuvante3
1003 2207 1055 2247 ἢν.
1069 2230 1077 2238 .
1091 2230 1099 2238 .
1122 2207 1209 2251 δεήσῃ
1233 2207 1333 2249 igitur
1355 2207 1630 2250 interpretamur:

363 2267 439 2298 ‘nisi
465 2276 515 2303 ea,
541 2277 627 2307 quae
658 2270 793 2299 tuarum
817 2270 896 2299 sunt
919 2268 1075 2309 partium,
1100 2267 1181 2299 mihi
1206 2266 1393 2300 defuerint.'
1417 2267 1482 2298 Τῶν
1504 2268 1564 2298 σῶν
1586 2267 1632 2300 ita

362 2330 414 2359 est
437 2330 638 2368 usurpatum
665 2330 702 2359 ut
726 2326 849 2359 Herod.
867 2327 920 2360 Vll
940 2327 990 2367 18,
1010 2327 1062 2360 20.
1085 2327 1134 2358 Δεῖ
1155 2327 1434 2368 significationem
1458 2327 1555 2369 ‘opus
1571 2327 1632 2360 est'

360 2386 389 2417 si
414 2387 478 2418 hoc
502 2387 577 2417 loco
602 2386 750 2425 haberet,
776 2387 974 2425 sententiae,
999 2396 1088 2427 quae
1111 2387 1312 2427 postulatur,
1343 2390 1559 2427 repugnaret:
1591 2387 1632 2418 ‘si

361 2444 443 2477 mihi
460 2448 518 2477 tuo
535 2445 662 2477 auxilio
679 2455 764 2487 opus
780 2455 851 2478 non
867 2446 966 2478 suerit
978 2445 996 2479 Γ
1022 2446 1235 2488 Quapropter
1258 2445 1407 2478 Steinius
1430 2448 1463 2478 et
1486 2445 1631 2479 Cobetus

358 2506 491 2547 (Mnem.
509 2515 530 2537 n
559 2516 584 2538 s.
602 2505 646 2537 XI
671 2505 757 2547 301),
782 2506 839 2547 qui
863 2507 952 2539 male
975 2507 1064 2539 hanc
1087 2506 1156 2539 vim
1180 2506 1256 2539 voci
1277 2507 1319 2538 δεῖ
1333 2506 1493 2547 tribuunt,
1519 2516 1630 2539 emen-

361 2565 461 2597 dant:
484 2565 517 2604 ἢν
540 2565 580 2607 μή
604 2576 628 2595 τι
652 2566 709 2595 τῶν
733 2566 792 2596 σῶν
815 2564 930 2608 ἐνδεής-ῃ
955 2566 1008 2608 (cf.
1033 2565 1155 2598 Herod.
1181 2566 1236 2599 Vll
1261 2566 1311 2606 18,
1337 2565 1400 2607 20).
