1836 2828
792 144 1060 182 —33—

225 263 424 323 μετέδοξε).
482 271 790 319 tmpersonaliter
816 272 831 309 I
863 262 938 310 152
951 301 960 318 ,
1000 272 1107 309 7—8
1136 265 1406 323 Λακεδαιμόνιοι
1435 264 1475 308 δὲ
1502 269 1617 313 οὔκως

227 337 395 393 ἐσήκουον
424 338 507 378 ἀλλ’
536 334 689 389 ἀπέδοξέ
718 353 777 395 σφι
805 339 854 395 μὴ
887 341 1069 395 ’τιμωρέειν
1098 339 1193 378 Ἴωσι
1226 341 1521 390 »decretumque
1549 340 1621 379 illis

226 413 285 449 est
309 411 495 450 auxilium
532 411 686 450 Ionibus
713 423 792 451 non
827 412 969 457 ferre»,
991 461 994 464 Δ
1014 412 1094 451 V111
1127 413 1221 461 111,
1263 412 1385 450 1-3
1415 412 1534 449 ἐπείτε
1563 423 1622 463 σφι

229 473 382 528 ἀπέδοξε
409 478 495 533 μήτ’
513 474 710 518 ἐπιδιώκειν
731 510 740 518 .
761 510 771 519 .
789 511 798 519 .
821 510 830 518 .
850 481 916 525 τὰς
944 481 1023 525 νέας
1051 479 1144 534 μήτε
1170 480 1290 519 πλέειν
1319 481 1353 525 ἐς
1381 480 1444 518 τὸν
1464 477 1615 532 Ἐλλής-

225 563 366 588 ποντον.
398 549 455 589 Cf.
485 551 581 590 Xen.
613 551 683 590 An.
715 551 752 600 2,
783 551 820 601 3,
848 552 886 590 9.
917 551 1008 592 Hell.
1037 552 1074 602 7,
1101 554 1138 601 4,
1168 551 1231 590 34.

299 719 340 763 7.
396 718 771 763 Constructiones
800 719 899 763 sine
928 720 1133 763 subiecto
1163 721 1295 763 verbi
1322 722 1547 776 καλλιερέειν.

359 837 588 894 Καλλιερέειν
607 840 779 880 transit:
809 840 978 880 secunda
998 852 1112 880 sacra
1131 839 1268 884 facere,
1296 840 1408 879 litare
1426 841 1476 889 (v.
1498 840 1622 889 Etym.

229 910 278 949 M.
306 923 336 948 s.
366 922 401 948 v.
430 911 668 964 καλλιέρημα)
710 912 898 961 reperitur
925 911 1030 960 apud
1061 911 1354 960 Xenophontem
1367 941 1376 959 ,
1416 911 1624 958 Platonem,

230 972 495 1030 Theocritum,
535 981 783 1020 Plutarchum
822 982 1018 1031 aliosque:
1055 982 1153 1020 Xen.
1184 980 1272 1030 Cyr.
1304 982 1341 1029 6,
1370 983 1408 1029 4,
1440 980 1489 1019 12
1517 983 1565 1024 ὠς
1593 974 1625 1017 δ’

230 1049 517 1104 ἐκεκαλλιερήκει
545 1050 609 1104 μὲν
637 1054 656 1089 ὁ
687 1050 800 1106 Κῦρος
827 1053 934 1099 κτλ.;
963 1052 1106 1101 passiv.
1137 1052 1231 1090 Xen.
1253 1051 1347 1090 Hell.
1369 1051 1407 1103 3,
1441 1052 1474 1099 1,
1509 1051 1556 1089 17
1577 1053 1625 1094 ὡς

230 1115 270 1159 δὲ
297 1115 380 1159 οὐδὲ
407 1127 528 1160 ταῦτα
566 1122 630 1173 (τοὶ
670 1122 759 1175 ἱεροὶ)
797 1122 1057 1175 ἐκαλλιερεῖτο,
1096 1121 1204 1159 πάλιν
1231 1126 1278 1175 τῇ
1307 1122 1408 1175 τρίτῃ
1444 1121 1624 1172 (ἐθύετο),

227 1192 295 1231 lat.
326 1193 453 1232 hostia
479 1193 620 1232 litatur.
650 1193 704 1233 Cf.
734 1193 921 1234 Thesaur.
941 1205 994 1242 gr.
1015 1194 1038 1231 l.
1060 1193 1133 1232 vol.
1164 1193 1227 1232 IV.
1258 1194 1309 1243 (a.
1335 1194 1452 1241 1841)
1481 1204 1511 1230 s.
1532 1204 1569 1230 v.
1595 1214 1626 1220 —

202 1251 204 1254 Α
228 1263 394 1302 Medium
424 1280 461 1295 =
488 1264 677 1312 activum,
720 1265 817 1303 Xen.
847 1264 918 1303 An.
947 1263 981 1302 V
1018 1266 1065 1312 4,
1104 1263 1156 1302 22
1195 1263 1271 1301 ἐπεὶ
1306 1261 1621 1315 ἐκαλλιερήσαντο.

227 1332 389 1381 Insignis
425 1337 485 1372 est
522 1346 615 1372 usus
652 1333 767 1372 huius
806 1333 915 1373 verbi
953 1333 1213 1383 Herodoteus,
1255 1333 1359 1383 apud
1397 1344 1486 1372 eum
1524 1332 1626 1372 enim

229 1403 344 1442 aetiv.
375 1403 591 1456 καλλιερέειν
619 1417 650 1442 s-
664 1416 773 1453 mper
792 1404 1033 1443 intransitive
1053 1408 1283 1453 usurpatum
1303 1403 1471 1442 occurrit
1489 1415 1626 1442 sensu:

359 1582 448 1615 delet
469 1581 547 1620 ἔδοξε
569 1582 602 1613 δέ
623 1587 655 1616 et
670 1583 761 1624 quod
777 1583 855 1615 inde
878 1583 1030 1624 sequitur
1052 1581 1172 1620 ἀπέδοξε
1195 1586 1303 1616 mutat
1325 1583 1361 1614 in
1383 1582 1515 1625 μετέδοξε
1533 1592 1624 1615 »mu-

361 1644 432 1674 tata
464 1649 469 1673 4
476 1642 618 1684 pristina
647 1645 706 1675 aut
737 1642 861 1684 vetere)
894 1642 1060 1675 sententia
1090 1642 1132 1675 iis
1155 1642 1300 1685 placuit«
1327 1642 1498 1682 (Kuehner
1520 1644 1538 1681 5
1561 1641 1625 1675 597

358 1711 386 1733 c.
403 1713 434 1744 p.
455 1702 562 1743 1068),
587 1702 653 1735 Sed
677 1713 744 1735 non
769 1706 829 1742 est,
854 1712 914 1734 cur
936 1703 1041 1735 verba
1063 1701 1142 1741 ἔδοξε
1157 1702 1190 1734 δέ
1204 1713 1264 1744 pro
1280 1702 1404 1745 spuriis
1425 1702 1625 1741 habeamus,

363 1761 486 1802 quippe
509 1771 596 1802 quae
619 1771 688 1794 non
711 1762 822 1794 solum
846 1762 1030 1794 auctoritas
1052 1762 1148 1794 codd.
1165 1762 1212 1802 (in
1229 1762 1254 1795 C
1269 1765 1405 1803 propter
1419 1761 1625 1794 antecedens

359 1818 478 1859 ἀπέδοξε
500 1820 600 1854 facile
623 1821 751 1854 omissa
774 1820 875 1863 sunt),
900 1832 1018 1854 verum
1043 1821 1146 1855 etiam
1169 1821 1342 1864 scriptoris
1358 1831 1442 1854 usus
1464 1820 1624 1863 loquendi

364 1883 505 1914 tueatur.
531 1881 675 1923 Saepius
698 1881 787 1913 enim
810 1881 903 1923 apud
925 1881 1132 1914 Herodotum
1147 1881 1252 1914 verba
1274 1882 1430 1922 negativa
1454 1881 1625 1922 excipiunt

357 1940 461 1972 verba
484 1939 694 1972 cofirmativa
716 1943 754 1973 ut
769 1941 782 1972 I
797 1940 850 1980 86,
874 1940 916 1972 35
940 1939 1000 1983 (τὴν
1015 1940 1118 1983 Κῦρον)
1142 1941 1317 1983 μεταγνόντα
1341 1939 1381 1981 (;
1395 1928 1621 1983 μετανοήὸαντα)

359 2009 390 2030 τε
411 1998 459 2030 καὶ
482 1997 639 2031 ἐννώσαντα
664 1997 707 2030 ὅτι
728 1997 787 2030 κτὲ.
801 2018 840 2023 —-
854 1999 914 2032 VII
932 1999 982 2040 15,
1006 1999 1091 2031 5—ss
1114 2001 1187 2042 μετὰ
1209 1998 1304 2042 μέντοι
1327 1998 1360 2030 οὐ
1382 1997 1495 2030 πολλὸν
1516 2000 1624 2041 χρόνον

359 2058 512 2102 μετέγνων,
542 2056 632 2101 ἔγνων
654 2056 686 2089 δὲ
708 2057 798 2089 ταῦτά
821 2069 870 2101 μοι
892 2058 1011 2100 ποιητέα.
1033 2057 1116 2090 ἐόντα
1147 2058 1294 2098 [Mehler,
1324 2058 1446 2090 Mnem.
1470 2058 1498 2091 V
1521 2069 1551 2100 p.
1579 2058 1622 2091 66

358 2118 462 2151 verba
485 2116 575 2162 ἔγνων
597 2117 629 2149 δέ
650 2118 846 2159 glossemati
868 2118 1046 2152 tribuenda
1070 2128 1146 2151 esse
1169 2128 1344 2160 perperam
1368 2118 1517 2159 iudicatJ.
1541 2118 1624 2151 Vide

359 2178 442 2211 Xen·
461 2178 536 2220 Cyr.
553 2178 583 2217 5,
608 2179 639 2217 ὃ,
661 2178 715 2210 40.
740 2178 834 2212 Plato
858 2178 954 2220 Gorg.
972 2189 1003 2220 p.
1020 2179 1086 2211 493
1101 2188 1129 2212 c.
1153 2178 1351 2211 Conferatur
1374 2179 1476 2212 etiam
1499 2178 1622 2211 Herod.

361 2238 433 2271 140
454 2236 495 2275 ὡς
509 2233 551 2268 ὦν
572 2237 745 2280 νενικημένος
767 2236 822 2269 ὑπὸ
846 2237 897 2269 σέο
919 2237 1124 2282 μεταγινώσκω
1147 2237 1262 2281 μετίημί
1284 2237 1316 2269 τέ
1338 2249 1370 2269 σε
1392 2236 1458 2269 ἰέναι
1482 2237 1521 2281 (z
1537 2249 1625 2281 μετα-

289 2316 291 2319 ·
360 2297 493 2341 γινώσκω
517 2296 583 2329 ἰέναι
607 2297 659 2340 σε).
684 2297 748 2339 Qui
771 2301 885 2331 autem
901 2308 943 2331 ex
959 2298 1182 2331 usitatissima
1204 2299 1373 2331 locutione
1397 2298 1528 2341 μετέδοξε
1550 2300 1623 2330 τοῖσι

359 2356 417 2388 κτέ.
441 2358 522 2390 oriri
553 2357 661 2399 potuit
689 2356 810 2395 ἀπέδοξε
840 2356 920 2395 ἔδοξε
948 2357 981 2388 δέ
988 2359 1002 2387 ⁴?
1039 2357 1098 2394 Ὦς
1122 2369 1170 2400 σφι
1198 2357 1248 2388 ἀπ.
1273 2356 1313 2388 ἔδ.
1337 2358 1369 2388 δέ
1390 2359 1627 2399 interpretatur

362 2420 450 2450 recte
475 2404 659 2458 Schweigh.
694 2417 792 2458 (vers.
817 2417 887 2459 lat.)
914 2417 1054 2450 ›deinde
1078 2421 1206 2450 mutata
1230 2419 1415 2456 sententia,
1446 2422 1626 2458 postquam

362 2477 411 2508 eis
434 2477 591 2518 placuit«.
630 2476 783 2508 Liberius
806 2477 904 2510 Valla
930 2487 1066 2509 »eorum
1090 2477 1288 2518 (sacrorum)
1311 2480 1428 2518 postea
1457 2477 1621 2518 pertaesi«

362 2539 396 2569 et
417 2536 530 2578 Lange
556 2536 725 2569 »nachher
748 2536 829 2569 aber
851 2539 946 2570 reute
969 2547 1006 2570 es
1029 2537 1110 2570 sie«.

358 2597 389 2620 Α.
409 2597 468 2626 Stes
496 2591 653 2620 ‚iuvamina-i.
688 2595 727 2619 De
744 2599 823 2620 enum
855 2590 922 2626 oubJ.
940 2597 1097 2620 enremitus.
1375 2592 1395 2625 5
