1836 2828
726 128 974 165 -8-

140 246 281 306 νιφάδες
318 253 434 306 χιόνος
470 255 626 291 πίπτωσι
662 255 825 307 ἑαμειαί.
884 256 1054 295 Verbum
1084 259 1214 294 autem
1243 256 1350 308 νίφειν
1377 255 1548 295 occurrit

139 324 244 375 apud
274 324 513 364 Herodotum
542 325 668 364 solum
697 325 736 364 in
764 326 923 376 passiva
951 326 1089 374 forma,
1117 325 1216 369 conf.
1245 325 1358 366 infra.

270 396 307 446 c)
336 393 502 448 χειμάζει
545 396 659 434 »furit
687 401 920 446 tempestas«
954 396 1189 446 Schweigh.‚
1217 397 1328 436 cuius
1355 397 1547 445 significa-

139 467 255 506 tionis
284 466 389 516 apud
418 465 662 506 Herodotum
693 467 907 507 solitarium
936 470 1065 507 exstat
1082 467 1302 518 exemplum
1322 467 1387 507 VH
1412 468 1500 519 191,
1519 469 1545 508 5

137 538 270 591 ἡμέρας
298 539 367 591 γάρ
397 531 441 590 δὴ
471 536 641 590 ἐχείμαζε
669 543 771 590 τρεῖς.
812 538 916 577 Idem
946 550 1042 577 usus
1070 537 1186 578 huius
1215 539 1323 578 vocis
1352 538 1546 588 reperitur

135 609 240 658 apud
261 608 584 657 Theophrastum,
613 607 668 646 De
689 608 782 656 sign.
803 609 839 655 6,
860 608 896 657 3,
922 610 939 647 1
962 606 1127 662 χειμάσει
1155 608 1261 662 μέχρι
1289 602 1486 662 διχοτόμου
1508 628 1544 640 ω

138 677 282 733 Γέρανοι
320 678 382 717 ὲαν
418 677 495 732 πρῲ
533 677 713 717 πέτωντκι
730 709 765 717 ..
795 678 873 733 πρῲ
912 677 1076 733 χειμάσει
1107 693 1115 701 ·
1146 679 1209 718 ἐὰν
1237 673 1277 718 δὲ
1304 676 1394 732 ὀψέ.
1413 710 1422 718 .
1440 710 1449 719 .
1478 677 1545 733 ὀψὲ

137 749 313 804 χειμάσει,
344 750 433 788 ibid.
464 751 501 797 4,
536 750 555 787 1
587 760 670 797 gen.
700 750 844 788 absol.:
874 750 936 787 ὲοὶν
965 749 1199 804 χειμάζοντος
1219 752 1242 804 ἠ
1263 744 1356 795 δύσις
1382 750 1542 805 γένηται.

138 822 194 860 lta
231 825 290 861 est
327 821 443 860 etiam
482 821 521 859 in
559 820 671 859 LXX.
710 821 796 859 Job.
837 821 901 871 37,
939 822 964 861 6
1002 819 1165 875 χειμάσει
1203 821 1316 871 (conf.
1356 821 1544 872 Stephani

138 892 253 931 Thes.
276 891 365 929 Vlll.
385 892 461 929 vol.
483 891 554 929 col.
581 891 711 939 1375).
742 891 841 929 Cum
871 892 1065 931 subiecto:
1099 891 1274 941 Xenoph.
1303 891 1392 932 Oec.
1423 892 1460 941 8,
1495 893 1542 931 16

138 963 226 1000 ὅταν
255 960 411 1015 χειμάζῃ
432 964 451 999 ὁ
471 961 570 1009 θεὸς,
600 961 720 1011 Soph.
749 962 791 1000 O.
813 962 855 1001 C.
882 963 985 1001 1503
1013 975 1070 1012 sq.
1091 961 1212 1000 πάντα
1233 962 1303 1016 γὰρ
1322 962 1416 1001 ,θεοῦ
1441 961 1446 1014 1
1470 976 1544 1000 τοι-

139 1038 233 1070 αῦτα
262 1031 497 1085 χειμάζοντος
526 1030 664 1070 εἰκάσαι
692 1031 801 1085 πάρα.

270 1153 531 1197 Adnotatio.
590 1155 691 1194 Idem
731 1158 848 1205 atque
886 1153 1050 1209 χειμάζει
1078 1155 1183 1196 valet
1210 1156 1328 1196 etiam
1356 1168 1435 1196 vox
1464 1169 1542 1210 χει-

137 1227 280 1279 μαίνειν,
318 1238 420 1276 quae
448 1238 538 1265 raro
576 1232 615 1265 et
653 1226 779 1265 solum
818 1227 945 1265 active
983 1227 1066 1266 sine
1104 1227 1277 1266 subiecto
1317 1230 1539 1277 usurpatur,

137 1302 181 1338 ut
209 1298 313 1348 apud
341 1297 505 1337 Theocr.
528 1297 564 1347 9,
593 1297 647 1338 20
675 1297 927 1350 χειμαίνοντος,
957 1297 1112 1348 saepius
1132 1298 1171 1337 in
1191 1297 1344 1348 scriptis
1363 1297 1542 1348 physico-

138 1380 224 1406 rum
254 1368 314 1416 (H.
345 1368 580 1419 Stephanus,
610 1367 797 1406 Thesaur.
830 1368 919 1406 V111.
950 1368 1027 1406 vol.
1057 1380 1088 1406 s.
1120 1369 1184 1417 V.).
1220 1367 1348 1416 Quam
1377 1368 1429 1407 ob
1458 1379 1542 1407 rem

138 1439 223 1477 loco
251 1439 435 1478 Herodoti
464 1439 542 1477 Vlll
576 1439 672 1487 118,
714 1439 802 1477 8—
819 1440 868 1477 10
898 1440 966 1476 md
995 1432 1039 1491 δὴ
1068 1440 1209 1491 μᾶλλον
1237 1438 1307 1492 γάρ
1336 1453 1372 1476 τι
1400 1440 1542 1491 χειμαί-

136 1509 266 1546 νεσθαι
293 1508 470 1562 γεμούσης
498 1512 563 1561 τῆς
596 1507 670 1552 νεός
684 1528 720 1539 ω
734 1508 901 1546 ἐνθαῦτα
925 1508 959 1552 ἐς
979 1501 1084 1561 δεῖμα
1110 1507 1268 1547 πεσόντα
1294 1508 1357 1546 τὸν
1387 1507 1540 1558 βασιλέα

138 1579 298 1632 εἰρέσθαι
334 1581 416 1617 κτλ.
446 1580 676 1617 infinitivum
706 1579 851 1628 passivi
887 1579 1139 1632 χειμαίνεσθαι
1166 1579 1330 1618 ducibus
1360 1579 1473 1618 Valla
1501 1583 1540 1619 et

138 1650 284 1690 Steinio
312 1650 583 1700 componimus
613 1662 702 1688 cum
731 1661 859 1689 accus.
894 1649 957 1687 τὸν
986 1648 1135 1698 βασιλέα
1154 1650 1220 1699 ita,
1249 1653 1292 1689 ut
1311 1650 1361 1689 sit
1379 1661 1539 1689 sensus:

137 1733 226 1760 cum
256 1733 324 1760 rex
355 1721 476 1768 magis
508 1724 736 1770 tempestate
765 1721 988 1768 agitaretur.
1200 1713 1203 1718 ’

267 1791 448 1830 Similiter
486 1791 606 1830 utitur
643 1803 760 1840 saepe
799 1791 1044 1841 Thucydides
1081 1802 1178 1831 voce
1217 1789 1463 1844 χειμάζεσθαι
1492 1791 1540 1830 de

136 1863 330 1912 personis,
359 1862 464 1900 velut
493 1863 521 1899 ΙΙ
552 1862 614 1910 25,
645 1864 670 1900 4
700 1862 952 1914 χειμαζόμενοι
981 1862 1017 1898 ἐν
1047 1861 1204 1914 ἀλιμένῳ
1238 1862 1380 1914 χωρίῳ,
1416 1864 1448 1899 οἱ
1475 1860 1539 1913 μὲν

268 2051 301 2082 ἂν
324 2054 412 2082 ταῦτα
436 2050 472 2081 τὰ
494 2050 591 2093 χωρία
614 2051 654 2093 (ΙΙ
677 2051 726 2086 22,
755 2051 820 2091 14).
845 2052 968 2083 Veram
994 2050 1172 2083 lectionem
1190 2051 1285 2083 solus
1301 2050 1375 2083 cod.
1393 2051 1422 2082 R
1438 2050 1539 2083 habet

268 2111 372 2143 hanc:
397 2107 427 2142 ὗε
450 2110 483 2142 ἂν
505 2108 581 2151 κτὲ.;
604 2109 663 2142 ’ὑπ’
687 2109 721 2141 ἄν
744 2110 882 2153 praebet
905 2110 981 2143 cod.
1006 2110 1030 2143 P
1052 2109 1098 2152 (et
1120 2109 1267 2150 Aldina).
1291 2110 1357 2141 ὔετο
1381 2108 1415 2141 ἄν
1438 2110 1473 2143 in
1488 2120 1539 2143 re-

267 2171 367 2212 liquis
390 2171 486 2204 libris
510 2173 619 2203 exstat
643 2174 880 2212 receptumque
904 2173 955 2202 cst
977 2170 1012 2202 in
1036 2173 1163 2203 textum
1186 2170 1230 2202 ab
1246 2169 1442 2202 editoribus.
1466 2170 1538 2203 Hoc

268 2230 379 2270 modo,
406 2230 463 2270 qui
487 2230 772 2262 constructionem
796 2226 826 2260 ὗε
850 2229 883 2260 ἂν
906 2232 995 2260 ταῦτα
1019 2227 1055 2260 τὰ
1077 2228 1174 2271 χωρία
1191 2238 1261 2261 non
1283 2229 1532 2270 intellegebant,

267 2289 409 2331 vestigia
432 2290 504 2322 eius
530 2289 692 2331 paulatim
717 2289 923 2322 deleverunt.
971 2289 1023 2322 Ad
1046 2299 1147 2330 quem
1170 2299 1272 2321 usum
1296 2288 1535 2322 illustrandum

266 2350 483 2382 conferantur
506 2349 589 2381 loci:
624 2349 745 2382 Herod.
770 2350 811 2383 IV
836 2349 908 2389 151,
937 2350 958 2381 2
981 2348 1034 2380 οὐκ
1056 2345 1087 2379 ὗε
1109 2348 1160 2389 τὴν
1182 2348 1280 2391 Θήρην
1309 2349 1349 2388 (Π
1372 2348 1425 2386 22,
1450 2347 1492 2380 19
1515 2345 1539 2378 εἰ

265 2408 358 2440 τοίνυν
387 2407 506 2452 ἐχιόνιζε
536 2408 640 2450 ταύτην
670 2408 720 2449 τὴν
747 2407 869 2451 χώρην),
899 2408 1044 2441 Pausan.
1070 2408 1099 2440 11
1123 2408 1175 2449 29,
1208 2408 1227 2440 7
1258 2406 1309 2448 ιὴν
1330 2406 1431 2450 χώραν
1453 2403 1499 2438 ὗεν
1520 2404 1537 2438 ὃ

264 2469 345 2505 θεός.
381 2469 430 2501 W.
455 2469 587 2501 Gemoll
617 2468 869 2510 (Wochenschr.
902 2469 955 2500 sih·
983 2467 1026 2500 kl.
1059 2467 1141 2500 Phil.
1173 2467 1268 2500 1887.
1300 2467 1362 2500 No.
1394 2466 1446 2507 24,
1472 2466 1535 2499 col.

266 2529 341 2570 741)
366 2532 545 2568 utramque
569 2528 767 2560 lectionem:
790 2527 849 2558 ὖων
872 2530 905 2560 et
926 2527 993 2558 ὕετο
1016 2530 1137 2559 tuetur.
