1836 2828
782 89 1117 155 -4‘8-‘

219 247 432 295 usurpatur
469 243 656 295 (exceptis
693 244 848 284 casibus
878 244 1093 298 absolutis),
1134 243 1221 285 loco
1259 242 1492 285 substantivi
1530 243 1621 296 poni

221 320 366 367 potest,
403 328 480 366 quo
509 316 654 356 factum
683 320 788 367 puto,
828 320 870 356 ut
897 303 1072 357 homines
1111 317 1214 357 docti
1251 317 1368 357 etiam
1404 317 1444 355 in
1482 321 1620 356 neutro

219 388 356 427 adiect.
387 387 599 438 praedicati
637 398 798 428 munere
826 387 997 436 fungenti
1025 387 1146 428 latere
1172 388 1252 426 vim
1280 386 1513 427 substantivi
1540 390 1620 428 sta-

219 463 342 498 tuant.

351 530 545 579 Exempla,
576 542 677 579 quae
710 529 787 569 huc
820 533 1006 579 spectant,
1042 529 1261 568 Herodotea
1290 529 1496 568 dividimus
1524 529 1563 567 in
1593 529 1618 567 3

219 603 368 650 partes:
398 600 451 649 A)
480 600 700 650 Enuntiata,
726 600 867 650 quibus
888 600 1118 640 describitur
1136 603 1278 638 natura
1297 599 1381 649 loci,
1408 599 1462 648 B)
1490 599 1620 638 Enun-

218 671 325 720 tiata,
346 682 448 720 quae
466 671 702 721 expirimunt
721 682 784 710 res
802 670 1032 720 abstractas,
1063 669 1106 720 C)
1136 669 1337 710 Adiectiva
1365 669 1538 710 verbalia
1557 681 1620 710 ne-

219 747 318 790 utra,
348 754 448 791 quae
488 742 551 780 hic
589 745 803 781 tractamus
841 746 1058 791 propterea,
1097 741 1201 791 quod
1229 741 1354 780 forma
1383 752 1542 791 prorsus
1569 740 1619 779 ad

219 824 313 853 vera
340 813 531 853 accedunt
558 813 760 853 adiectiva.
791 812 845 862 D)
876 812 952 857 ἅλις
982 812 1075 851 ἐστίν
1103 824 1192 852 cum
1221 813 1408 861 genetivo.

898 979 947 1017 A.

355 1092 393 1140 1)
422 1091 698 1145 ἀσφαλέστατόν
729 1092 817 1141 ἐστι,
848 1091 915 1130 VII
949 1091 1036 1141 128,
1057 1093 1083 1130 9
1100 1092 1218 1145 ταύτῃ
1249 1091 1318 1146 γὰρ
1347 1091 1622 1145 ἀσφαλέστατον

220 1160 450 1200 ἐπυνθάνετο
480 1159 567 1199 εἶναι
600 1173 712 1201 »nam
727 1162 819 1201 ⁴hac
846 1162 1037 1201 tutissime
1063 1173 1149 1202 esse
1177 1162 1399 1202 audiebat«.

354 1231 393 1281 2)
424 1232 647 1286 ἑρημόνι-αιτόν
685 1233 760 1270 ἐστι
796 1234 847 1271 IX
892 1233 980 1281 118,
1018 1234 1044 1271 6
1079 1233 1211 1271 ὄπισθε
1247 1238 1313 1270 τοῦ
1340 1233 1479 1285 τείχεος
1506 1246 1621 1270 κατα-

221 1301 358 1351 βάντες,
390 1306 438 1355 τῇ
458 1298 500 1355 ἦν
521 1301 743 1355 ἐρημότατον
760 1308 834 1340 τῶν
853 1303 1043 1355 πολεμίων.
1074 1303 1166 1342 Gen.
1187 1308 1261 1340 τῶν
1289 1304 1372 1341 πολ.
1403 1301 1543 1353 pendet
1570 1314 1618 1341 ex

221 1372 454 1424 ἐρημότατον.
485 1372 543 1411 Cf.
571 1372 691 1411 slav.:
724 1385 746 1410 v
774 1373 912 1412 chlivci
940 1373 1095 1423 polno
1124 1377 1258 1421 ovee‚
1293 1373 1424 1412 malo
1452 1376 1534 1412 tam
1553 1372 1620 1411 lu-

222 1443 245 1480 d
258 1442 302 1481 zi
331 1442 417 1481 sim.

352 1513 392 1559 3)
422 1512 616 1565 εὐρύτατόν
645 1513 730 1561 ἐστι,
761 1513 825 1552 Vll
859 1514 947 1562 199,
975 1514 1000 1552 3
1019 1513 1137 1568 ταύτῃ
1167 1507 1207 1552 δὲ
1235 1514 1296 1552 καὶ
1324 1513 1516 1567 εὐρύτατόν
1545 1514 1621 1553 ἐστι

218 1582 335 1637 πάσης
361 1588 426 1637 τῆς
454 1584 574 1637 χώρης
601 1584 748 1637 ταύτης.
806 1584 857 1623 IV
894 1585 961 1633 86,
994 1585 1051 1625 10
1081 1585 1180 1623 κατὰ
1207 1578 1317 1623 τοῦτο
1351 1583 1422 1638 γάρ
1450 1585 1526 1623 ἐστι
1552 1589 1618 1623 τοῦ

223 1653 365 1693 Πόντου
395 1654 600 1708 εὐρύτατον.
631 1655 687 1694 De
715 1667 798 1703 gen.
828 1660 894 1693 τοῦ
923 1653 1067 1694 Πόντου
1096 1655 1143 1695 cs.
1173 1655 1316 1699 Herod.
1345 1656 1359 1694 1
1385 1657 1448 1706 84,
1477 1654 1503 1693 9
1521 1655 1619 1694 κατὰ

219 1730 328 1762 τοῦτο
356 1729 421 1778 τῆς
450 1725 659 1777 ἀκροπόλιος
691 1730 741 1778 τῇ
768 1720 881 1770 οὐδεὶς
909 1725 1089 1764 ἐτέτακτο
1116 1725 1284 1778 φύλακος,
1321 1726 1494 1765 similiter
1525 1725 1617 1765 ibid.

219 1795 324 1845 v.20‚
354 1795 441 1835 vide
469 1796 482 1834 l
516 1796 604 1845 185,
633 1796 696 1835 31.
727 1796 796 1835 Vll
825 1797 916 1846 217,
946 1799 983 1836 6.

346 1868 387 1913 4)
416 1860 712 1918 ἓηριωδέο-ταιτόν
739 1867 825 1914 ἐστι,
857 1868 871 1905 Ι
905 1867 992 1915 111,
1026 1868 1075 1905 19
1104 1866 1283 1917 (ἐκέλευε)
1311 1867 1355 1904 τὸ
1381 1860 1535 1905 παιδίον.
1566 1895 1575 1904 .
1608 1895 1617 1904 .

218 1935 338 1974 ,θεῖναι
368 1936 462 1974 §vim
488 1929 783 1990 θηριωδέστατον
812 1938 866 1991 εἴη
894 1942 966 1976 τῶν
999 1936 1107 1991 ὀρέων
1150 1937 1282 1977 »iussit
1308 1938 1449 1988 exponi
1477 1937 1516 1977 in
1544 1937 1619 1977 hae

221 2011 331 2056 parte
358 2008 560 2056 montium,
588 2019 666 2057 qua
694 2009 903 2058 praecipue
929 2009 1076 2047 affatim
1105 2012 1205 2047 esset
1235 2008 1485 2048 bestiarume.

351 2078 392 2126 5)
421 2077 648 2116 στεινότατόν
677 2079 753 2116 ἐστι
780 2079 811 2117 ΙΙ
839 2081 878 2130 8,
911 2079 1071 2118 18-19
1097 2084 1172 2116 τῶν
1201 2072 1242 2116 δὲ
1259 2078 1368 2132 ὀρέων
1386 2084 1460 2117 τῶν
1479 2077 1617 2132 εἰρημέ-

219 2162 289 2185 νων
318 2148 361 2185 vd
382 2146 521 2201 μεταξὺ
540 2142 663 2193 πεδιὰς
682 2147 746 2201 μὲν
762 2153 821 2202 γῆ,
841 2142 979 2186 στάδιοι
1009 2142 1049 2187 δὲ
1076 2147 1237 2202 μάλιστα
1263 2142 1407 2188 ἐδόκεόν
1434 2162 1492 2202 μοι
1520 2145 1617 2196 εἶναι,

219 2222 267 2271 τῇ
295 2218 523 2257 στεινότατόν
557 2219 642 2268 ἐστι,
674 2213 859 2273 διηκοσίων
887 2221 928 2258 οὐ
957 2219 1086 2265 πλέους
1113 2221 1191 2258 κτὲ.
1220 2220 1308 2260 »ubi
1342 2224 1402 2261 est
1429 2220 1621 2269 angustis—

220 2291 354 2329 sime«.
395 2290 524 2329 Potuit
551 2288 772 2329 Herodotus
799 2291 925 2330 dicere
959 2294 997 2330 et
1031 2295 1100 2344 »τῇ
1128 2289 1343 2344 στεινοτάτη
1370 2291 1449 2328 ἐστὶ
1480 2283 1620 2341 (πεδιὰς

219 2360 326 2413 γῆ)«,
362 2364 405 2400 ut
438 2372 481 2400 re
515 2372 609 2400 vera
646 2361 686 2400 L.
717 2360 830 2401 Valla
857 2362 972 2401 vertit
1006 2361 1168 2400 »horum
1197 2373 1296 2411 quos
1322 2361 1402 2400 dixi
1430 2361 1619 2400 montium

220 2431 388 2469 medium
417 2432 647 2481 campestris
675 2435 733 2471 oet
762 2435 876 2481 terra,
905 2450 940 2461 ω
967 2444 1044 2481 qua
1070 2436 1180 2482 parte
1207 2431 1426 2471 arctissima
1454 2435 1512 2471 est
1545 2434 1616 2471 etc.

219 2501 295 2540 Sed
324 2500 495 2540 defectus
523 2502 685 2541 subiecti
713 2502 836 2552 efficit,
865 2505 908 2540 ut
935 2502 1168 2541 adiectivum
1202 2502 1241 2540 in
1269 2505 1407 2541 neutro
1435 2501 1619 2540 latissime
