1836 2828
225 269 264 315 ὃὲ
292 274 460 330 παρεξήιε
487 278 509 330 ἡ
539 275 640 330 γυνή,
672 276 834 329 ἐπιμελὲς
857 281 912 324 τῷ
940 275 1078 329 Δαρείῳ
1107 275 1251 330 ἐγένετο
1266 289 1351 315 ων.
1384 278 1432 316 16
1461 276 1624 330 ἐπιμελὲς

225 342 264 385 δὲ
285 348 332 391 ὥς
359 351 390 385 οἱ
419 347 574 400 ἐγένετο,
603 354 677 384 τῶν
707 341 905 399 δορυφόρων
932 346 1030 390 τινας
1057 350 1201 399 πέμπει.
1229 348 1386 386 »Mulier
1405 359 1494 386 eum
1515 360 1626 397 prae-

223 418 372 468 teriret,
412 421 583 456 attentus
610 416 735 455 factus
766 420 824 456 est
852 417 918 455 X.‹
972 417 1302 467 Impersonaliter:
1341 417 1372 455 II
1404 417 1490 467 150,
1518 418 1626 456 5—6

222 493 288 525 τοῦ
312 487 512 540 ὀρύγματος
540 487 671 524 τούτου
699 489 766 524 οὐκ
794 486 894 540 ὥρων
921 487 984 525 τὸν
1012 493 1100 540 χοῦν
1128 481 1287 540 οὐδαμοῦ
1316 487 1432 535 ἐόντα,
1463 487 1626 540 ἐπιμελὲς

223 558 292 611 γὰρ
321 551 366 610 δή
397 571 455 611 μοι
483 553 536 610 ἦν,
567 556 707 610 εἰρόμην
735 558 826 605 κτὲ.,
857 557 921 596 inf.
950 560 1034 611 ὀροῖν
1063 557 1141 608 (τὸν
1170 557 1275 610 χοῦν)
1304 557 1523 597 subaudito.
1567 557 1624 597 Cf.

223 629 394 679 Thucyd.
418 630 429 667 Ι
460 631 501 677 5,
532 628 555 667 2
585 625 634 673 οἷς
661 627 696 666 τ’
715 628 878 682 ἐπιμελὲς
907 631 961 682 εἴη
992 623 1131 677 εἰδέναι,
1159 629 1210 668 lV
1230 630 1295 681 67,
1327 629 1351 668 2
1379 625 1427 673 οἷς
1456 628 1619 682 ἐπιμελὲς

221 696 264 753 ἦν
293 693 421 738 εἰδέναι
448 698 515 752 τὴν
543 699 667 737 νύκτα.
699 699 968 747 Personaliter,
998 700 1137 740 Herod.
1159 701 1173 738 Ι
1199 701 1262 749 89,
1295 700 1313 738 1
1345 698 1453 753 Κύρῳ
1482 693 1522 737 δὲ
1550 700 1624 738 ἑπι-

222 770 326 823 μελὲς
364 770 509 823 ἐγένετο
550 770 601 807 τὰ
637 768 785 823 Κροῖσος
822 768 898 808 εἷπε
933 776 982 819 (v.
1011 771 1098 810 adn.
1129 770 1283 809 Abiehti
1311 775 1349 810 et
1377 770 1572 810 Kuehneri
1599 772 1624 819 ξ

220 842 327 889 364),
356 841 401 878 ΙΙΙ
432 841 495 888 40,
527 841 552 878 3
583 839 682 877 ἀλλα
710 842 741 877 οἱ
769 838 870 878 τοῦτ’
897 836 939 893 ἦν
969 841 1144 893 ἐπιμελές.

353 911 391 961 b)
421 914 517 964 μέγα
546 925 605 963 μοι
633 912 789 964 γίνεται,
822 911 854 950 V
887 912 975 960 111,
1011 911 1059 950 15
1087 910 1129 964 ἤν
1150 901 1200 949 Ιτε
1229 911 1299 965 γὰρ
1327 913 1483 964 κατέλῃς
1512 904 1622 964 ἄνδρα

222 980 426 1034 στρατηγόν
454 984 551 1034 μέγα
579 995 635 1019 τοι
663 982 798 1034 γίνεται
830 981 989 1020 ›honori
1019 982 1086 1020 tibi
1117 982 1229 1021 erit«.
1258 981 1314 1021 De
1341 981 1498 1020 adverb.
1527 984 1624 1034 μέγα

220 1064 256 1090 v.
287 1051 427 1089 Herod.
458 1052 472 1089 I
501 1052 565 1100 32,
596 1052 647 1091 23
678 1052 821 1101 (ibique
849 1052 938 1090 adn.
969 1052 1129 1100 Steinii).

351 1122 391 1169 3)
440 1120 609 1159 Γίνεσθαι
638 1122 686 1161 de
714 1126 898 1172 tempore,
938 1123 982 1160 Ill
1012 1123 1076 1170 80,
1119 1124 1136 1160 1
1169 1120 1313 1160 Ἐπείτε
1342 1115 1381 1159 δὲ
1410 1125 1570 1175 κατέστη
1600 1124 1619 1159 ὁ

218 1191 373 1245 θόρυβος
410 1193 470 1229 καὶ
509 1192 611 1235 ἐκτὸς
628 1193 657 1240 ¹)
697 1195 806 1230 πέντε
833 1193 993 1245 ἡμερέων
1023 1192 1167 1245 ἐγένετο
1202 1192 1505 1241 »interiectisque
1533 1191 1619 1241 plus

223 1263 392 1312 quinque
420 1263 596 1302 diebus«.

304 1479 327 1516 ¹)
352 1478 393 1509 111
416 1477 468 1517 80,
496 1477 523 1509 1.
549 1475 651 1518 ἐκτόςξ.
676 1478 725 1509 Ita
747 1477 887 1517 legimus
912 1486 988 1509 cum
1013 1476 1086 1509 cod.
1103 1477 1131 1509 R
1149 1480 1274 1509 etcum
1298 1477 1618 1518 Schweighaeusero

349 1536 438 1578 (Lex.
463 1547 489 1569 s.
514 1547 545 1568 v.
570 1535 673 1578 ἐκτός),
698 1536 853 1577 Baehrio,
877 1536 1030 1577 Abichto,
1055 1536 1193 1576 Steinio,
1223 1535 1350 1569 Cobeto
1372 1536 1507 1578 (Mnem.
1533 1546 1565 1569 n.
1590 1546 1616 1568 s.

348 1597 392 1628 XI
424 1596 510 1637 291).
558 1597 651 1637 Quae
684 1596 811 1628 locutio
842 1596 993 1628 subiecto
1024 1595 1184 1628 destituta
1215 1596 1366 1628 insolens
1397 1596 1531 1637 quidem
1556 1599 1616 1635 est,

349 1655 486 1688 adverb.
512 1656 600 1687 enim
626 1655 691 1688 loci
715 1653 796 1692 ἐκτός
819 1655 966 1697 iungitur
989 1665 1066 1688 eum
1090 1655 1228 1689 notione
1251 1655 1443 1698 temporali,
1475 1665 1544 1688 non
1568 1659 1619 1688 est

350 1719 472 1755 tamen,
497 1725 557 1747 cur
581 1715 670 1748 hanc
692 1715 820 1748 codicis
837 1716 1035 1748 memoriam
1052 1716 1299 1757 impugnemus.
1330 1715 1378 1749 Cf.
1396 1713 1461 1752 ἑκάς
1476 1715 1518 1748 de
1534 1719 1616 1748 tem-

348 1785 429 1817 pore
459 1775 551 1817 apud
582 1775 703 1808 Herod.
728 1775 799 1809 Vll(
832 1775 911 1816 144,
943 1776 985 1808 26
1016 1775 1068 1807 οὐκ
1098 1774 1163 1813 ἑκὰς
1192 1777 1301 1819 χρόνου
1329 1775 1467 1819 παρέσται
1499 1773 1514 1807 ὁ
1547 1773 1618 1818 βάρ-

348 1835 443 1877 βαρος.
484 1835 645 1867 Similiter
675 1835 794 1867 Aesch.
820 1836 937 1877 Suppl.
962 1836 1026 1868 597
1050 1834 1156 1867 εἰσόπιν
1182 1837 1301 1878 χρόνου.
1338 1836 1493 1874 Accedit,
1526 1835 1618 1877 quod

346 1894 511 1926 nonnulla
534 1894 695 1926 adverbia
718 1895 784 1927 loci
801 1895 972 1927 sociantur
996 1895 1087 1928 haud
1111 1905 1188 1928 raro
1211 1905 1291 1927 cum
1314 1895 1536 1928 substantivis
1553 1895 1615 1927 ab·

347 1953 490 1992 stractis‚
516 1953 609 1985 velut
632 1953 723 1985 idem
748 1952 829 1989 ἐκτός
852 1954 943 1994 apud
966 1954 1087 1986 Herod.
1104 1954 1145 1986 IV
1163 1954 1226 1986 133
1249 1953 1329 1990 ἐκτὸς
1352 1953 1404 1996 μὲν
1425 1952 1530 1985 ἔσεσθε
1546 1953 1618 1996 πρὸς

347 2011 451 2044 ἐκείνου
474 2011 575 2053 αἰτίης,
600 2012 641 2044 11¹
666 2012 718 2050 80,
746 2013 786 2044 12
810 2011 891 2049 ἐκτὸς
915 2013 972 2043 τῶν
994 2011 1137 2044 ἐωθότων
1159 2011 1322 2055 νοημάτων,
1345 2014 1386 2046 cf.
1411 2013 1513 2055 Soph.
1538 2014 1614 2047 Ant.

346 2072 419 2105 625.
445 2072 605 2113 Kruegeri
636 2072 690 2105 Gr.
715 2082 762 2113 gr.
786 2072 838 2109 47,
866 2073 916 2112 10,
941 2072 971 2105 4.
997 2072 1039 2105 29
1062 2076 1095 2105 et
1117 2073 1194 2106 adn.
1221 2073 1249 2105 1.
1289 2074 1426 2115 Aliquot
1449 2074 1615 2115 exempla,

348 2132 381 2164 in
406 2131 529 2173 quihus
545 2130 696 2174 γίγνεσθαι
712 2132 786 2164 sine
810 2132 962 2164 subiecto
986 2132 1147 2174 temporis
1170 2133 1337 2166 rationem
1359 2133 1527 2175 exprimit,
1551 2134 1617 2166 col-

345 2192 424 2233 legit
447 2192 595 2232 Krueger
619 2192 674 2224 Gr.
698 2202 744 2233 gr.
769 2191 821 2231 61,
846 2191 876 2231 5,
901 2192 921 2223 6
946 2191 1010 2233 (47,
1037 2192 1087 2230 10,
1111 2192 1155 2234 4).
1190 2193 1306 2226 Altera
1328 2192 1429 2226 lectio
1453 2193 1616 2225 librorum

340 2249 419 2288 ἐντὀς
442 2262 471 2283 π.
489 2251 516 2292 ἡ.
533 2249 588 2294 ἐγ.,
611 2261 713 2291 quam
737 2251 773 2283 in
797 2254 923 2284 textum
948 2254 1146 2293 receperunt
1168 2251 1317 2292 Dindorf,
1342 2251 1486 2294 Lhardy,
1512 2253 1615 2285 Krue-

343 2311 565 2352 ger-Poekel‚
597 2311 927 2351 Dietsch-Kallenb.‚
962 2312 1091 2344 malum
1122 2311 1261 2354 praebet
1289 2321 1447 2345 sensum:
1483 2311 1613 2354 »spatio

345 2371 493 2411 quinque
517 2370 647 2402 dierum
673 2371 797 2403 factum
823 2374 893 2403 est«
920 2371 983 2412 (ΡΞ).
1024 2370 1071 2403 Cf.
1096 2370 1244 2412 Thucyd.
1268 2371 1299 2411 4,
1330 2371 1374 2404 39
1406 2369 1484 2407 ἐντὀς
1513 2369 1616 2402 εἴκοσιν

343 2428 467 2472 ἡμερῶν,
492 2429 591 2462 Plato
607 2429 689 2461 Tim.
708 2429 749 2462 18
771 2429 801 2462 d.
825 2430 902 2462 Non
918 2439 1059 2471 possum
1076 2429 1275 2471 perspicere,
1299 2439 1404 2471 quare
1428 2429 1613 2472 (Krueger-)

344 2489 466 2521 Poekel
497 2489 601 2521 verba
631 2489 716 2522 haec
740 2489 877 2522 verterit
909 2489 1006 2522 »fimf
1025 2489 1113 2531 Tage
1136 2499 1252 2522 waren
1274 2490 1492 2523 verflossen.‹
1520 2489 1613 2522 Stein

343 2549 444 2581 refert
467 2548 607 2580 verbum
632 2546 743 2591 ἐγένετο
767 2548 811 2581 ad
834 2548 1024 2581 subiectum
1045 2547 1176 2591 θόρυβος
1201 2549 1291 2581 »und
1315 2542 1359 2581 de.
1381 2548 1431 2581 sie
1455 2549 1525 2589 (die
1548 2549 1613 2581 Un-
