1836 2828
789 156 1058 195 ...46-

225 283 265 335 4,
295 285 332 331 6,
366 284 413 323 17
443 283 550 333 ὥστε,
581 283 709 338 ἐάνπερ
737 282 837 333 ἅπαξ
863 283 1035 339 λάβωμέν
1052 299 1089 323 τι
1106 291 1173 324 τοῦ
1199 285 1311 339 ὅρους,
1339 284 1438 336 βατὰ
1464 286 1526 324 καὶ
1552 291 1626 331 τοῖς

226 354 428 408 ὑποζυγίοις
456 359 567 394 ἐσται.
624 355 679 406 Β)
708 356 765 396 De
793 356 913 395 rebus
939 357 1159 407 abstractis,
1186 357 1227 408 α)
1255 367 1361 396 nom.
1391 357 1486 406 sing.
1517 357 1626 396 Plato

225 424 337 464 Civit.
369 426 405 472 5,
433 426 514 465 463
543 426 580 465 d.
599 426 686 464 οὔτε
703 426 788 480 πρὸς
811 427 914 466 ,θεῶν
941 425 1027 465 οὔτε
1052 426 1138 480 πρὸς
1165 426 1370 480 ἀνθρώπων
1397 429 1500 477 αὐτῷ
1527 429 1626 480 ἄμει-

223 509 281 533 νον
301 498 412 545 ἐσται,
444 497 481 546 β)
509 508 614 536 nom.
635 496 733 547 plur.
753 497 928 547 Thucyd.
948 497 1034 548 113,
1062 499 1089 537 4
1117 497 1194 538 ἐπεὶ
1213 491 1326 542 δὲὼς
1351 498 1501 537 ἐκτῶν·
1522 491 1626 537 Ruin-
1681 550 1686 554 ‚

222 572 297 604 τῶν
326 568 453 620 ἑτοῖμα
481 562 524 621 ἦν
551 587 590 600 =
617 567 648 606 Π
677 568 741 618 56,
772 568 806 608 1.
844 568 908 618 98,
941 568 975 608 1.
1016 568 1081 607 VH
1099 567 1173 619 50,
1201 570 1240 608 4.
1279 568 1411 608 Polou.
1446 569 1543 620 »gdy
1570 570 1626 621 εἰς

223 642 569 687 przygotowanoc.
607 638 711 679 Idem
740 639 776 678 V
804 641 841 689 8,
869 640 895 678 2
924 632 1048 684 δεδιὼς
1075 638 1142 693 τὴν
1169 642 1282 678 αὐτοῦ
1308 638 1537 693 παρασκευὴν
1563 641 1643 678 καὶ·

222 710 374 763 νομίζων
402 703 676 763 ὑποδεεστέρους
704 707 801 762 εἶνκι,
830 712 872 748 οὐ
890 715 946 760 τῷ
963 708 1104 764 πλήθει
1132 709 1392 762 (ἀντίπαλα
1416 709 1504 765 γάρ
1531 723 1625 756 πως

223 776 290 833 ἦν)
325 793 388 820 »es
417 781 509 819 fand
538 780 754 820 Gleichhalt
782 785 913 819 stau«.
943 781 1125 821 Boehme.
1155 780 1349 831 Omnium,
1377 792 1480 831 quae
1505 793 1626 831 supra

224 851 443 900 citavimus,
466 851 732 901 exemplorum
752 862 799 890 ea
819 854 877 890 est
895 851 1008 903 ratio,
1037 855 1081 891 ut
1100 851 1254 901 ubique,
1281 851 1459 901 quamvis
1471 847 1625 891 ‘nullum

224 921 467 960 subaudieris
496 921 726 970 subiectum,
754 924 886 961 tamen
916 921 1030 971 plena
1058 921 1284 971 integraque
1310 921 1453 960 evadat
1472 925 1625 961 senten·

224 993 297 1039 tia;
345 1002 464 1041 quam
512 983 808 1041 explicationem
856 992 1024 1041 probant
1071 992 1215 1042 passim
1256 991 1296 1030 in
1337 991 1625 1031 commentariis

223 1062 395 1102 Boehme
423 1061 613 1111 (Thucyd.
643 1062 658 1100 Ι
687 1062 723 1100 7.
754 1061 789 1100 V
818 1064 854 1111 8,
884 1061 935 1112 2),
962 1061 1150 1101 Rehdanz
1177 1062 1287 1113 (Xen.
1305 1062 1377 1102 An.
1405 1064 1446 1115 4,
1475 1062 1512 1113 3,
1544 1062 1620 1112 12),

222 1133 428 1184 praecipue
456 1131 616 1172 Classen
644 1132 834 1182 (Thucyd.
856 1133 927 1172 17.
958 1132 1007 1171 Vl
1029 1132 1118 1181 101,
1138 1133 1176 1172 3.
1207 1132 1275 1172 VII
1291 1133 1356 1182 84,
1375 1134 1418 1180 4)
1446 1136 1485 1173 et
1512 1133 1622 1173 Mad-

223 1204 295 1252 vig,
325 1204 433 1253 Synt.
456 1205 479 1251 ξ
500 1204 523 1241 7
545 1202 584 1252 b)
612 1203 702 1241 adn.
734 1202 770 1241 2.
801 1203 986 1241 Attamen
1013 1203 1236 1242 etiamnunc
1264 1202 1463 1253 praevalet
1490 1202 1624 1242 docto-

223 1286 309 1313 rum
340 1274 483 1325 opinio,
513 1274 579 1323 qui
606 1273 856 1327 arbitrantur,
884 1273 999 1312 huius
1028 1273 1177 1327 generis
1205 1273 1341 1328 adiect.
1369 1277 1508 1328 neutra
1531 1274 1624 1312 sub-

223 1344 481 1383 stantivorum
521 1353 681 1382 munere
709 1343 814 1391 fungi
842 1343 1043 1393 vicemque
1070 1343 1232 1383 subiecti
1258 1343 1297 1381 in
1327 1329 1454 1393 priore
1487 1354 1623 1383 eorum

224 1419 334 1465 parte
362 1415 418 1464 A)
446 1428 470 1452 οι
498 1418 537 1453 et
565 1414 587 1463 β
616 1413 813 1453 notionem
843 1413 927 1461 loci,
957 1413 996 1452 in
1025 1414 1238 1463 posteriore
1265 1417 1396 1453 autem
1417 1413 1472 1463 B)
1500 1428 1524 1451 α
1543 1414 1623 1463 θῐβ

223 1484 440 1533 generalem
468 1484 666 1535 quandam
695 1484 750 1523 rei
777 1484 973 1524 notionem
1003 1484 1190 1539 obtinere.
1234 1483 1290 1523 Cf.
1319 1481 1409 1523 ad'n.
1441 1481 1624 1533 Kruegeri

222 1559 258 1594 et
300 1555 471 1594 Boehmii
508 1555 559 1593 ad
597 1555 771 1611 Thucyd,
800 1556 814 1593 Ι
843 1555 907 1603 63,
937 1555 973 1593 2.
1013 1555 1165 1605 Betant,
1201 1554 1289 1593 Lex.
1318 1554 1492 1603 Tmcyd.
1521 1566 1555 1594 s.
1583 1566 1621 1592 ν.

222 1618 443 1678 κρημνώδης.
494 1624 717 1664 Vollbrecht
753 1624 804 1663 ad
843 1625 938 1663 Xen.
969 1624 1042 1663 An.
1073 1626 1108 1673 4,
1138 1624 1174 1669 6,
1206 1625 1269 1663 17.
1317 1624 1490 1672 Krueger
1517 1624 1622 1674 (Lex.

222 1695 530 1744 Xenophonteae
557 1695 684 1733 Anah.
719 1695 822 1734 1872
851 1695 923 1733 col.
955 1695 1033 1733 207
1063 1706 1094 1732 s.
1114 1706 1151 1732 v.
1171 1693 1371 1746 προσβατύς
1398 1695 1450 1743 et)
1479 1695 1544 1733 Gr.
1565 1705 1620 1742 gr.

222 1766 286 1814 43,
316 1768 352 1815 4,
388 1765 447 1804 13.
476 1765 579 1815 61,5,
609 1765 644 1804 6.
676 1764 860 1804 Kuehner
888 1766 912 1813 ξ
941 1764 1031 1803 366.
1078 1762 1201 1803 -Hanc
1228 1763 1524 1814 explicationem
1550 1764 1623 1804 im-

223 1835 468 1886 probandam
497 1847 583 1875 esse
611 1835 723 1874 facile
749 1833 1041 1884 persuadebunt
1059 1845 1108 1874 ex
1126 1835 1212 1884 ipsa
1230 1833 1358 1875 indole
1385 1846 1438 1882 gr.
1466 1834 1620 1883 linguae

221 1906 489 1956 interpretanti
518 1905 629 1955 duae,
658 1905 697 1944 ni
726 1905 837 1945 fallor
865 1905 1117 1954 gravissimae
1143 1905 1400 1956 proprietatae
1427 1905 1622 1955 syntaxis:

221 1978 264 2027 ιι)
292 1989 420 2026 casus,
451 1977 517 2026 qui
545 1977 736 2026 dicuntur,
764 1976 932 2016 absoluti
960 1976 1142 2015 similium
1170 1979 1293 2015 neutr.
1322 1975 1478 2021 adiect„
1516 1976 1621 2016 velut

201 2047 394 2097 ‘'thucyd.
423 2049 438 2086 I
468 2049 491 2085 7
522 2048 582 2084 καὶ
609 2040 679 2099 ἤδη
708 2045 964 2099 πλοϊμωτέρων
993 2046 1119 2098 ὄντων,
1157 2045 1208 2084 lV
1236 2045 1302 2097 20,
1331 2045 1356 2085 2
1386 2048 1439 2084 ἔτι
1467 2046 1621 2100 ἀκρίτων

222 2117 346 2165 ὄντων,
377 2118 390 2156 l
420 2117 456 2161 2,
486 2120 511 2155 6
539 2115 621 2169 παρ’
651 2115 865 2170 Ἀθηναίους
893 2118 925 2153 οἱ
953 2109 1203 2154 δυνατώτατοι
1229 2119 1278 2160 ὡς
1306 2115 1447 2166 βέβαιον
1473 2114 1512 2154 ὂν
1541 2117 1621 2155 ἀνε-

221 2187 362 2241 χώρουν
391 2187 474 2239 (ubi
502 2199 544 2227 se
573 2188 612 2226 in
639 2191 724 2226 tuto
753 2187 903 2226 futuros
931 2184 1196 2236 confidebant;
1225 2186 1455 2227 scholiasta:
1484 2190 1532 2232 ὠς
1560 2188 1620 2237 βε-

222 2259 323 2308 βαίας
351 2258 456 2312 οὔσης
482 2262 547 2311 τῆς
575 2256 771 2311 οἰκήσεως),
802 2257 976 2297 similiter
1003 2258 1177 2308 Thucyd.
1197 2258 1262 2298 VH
1288 2258 1353 2310 25,
1382 2258 1407 2297 9
1435 2260 1484 2303 ὡς
1497 2251 1621 2297 κιδνα-

219 2328 569 2383 πεπολεμησόμενον.
599 2329 702 2368 ldem
723 2340 817 2368 usus
835 2339 997 2368 casuum
1017 2328 1286 2368 absolutorum
1306 2330 1358 2379 (ν.
1379 2323 1418 2367 εὖ
1436 2327 1620 2382 παρασχόν

220 2400 361 2439 Herod.
390 2401 404 2437 Ι
437 2400 526 2438 120.
555 2399 713 2452 παρέχον
744 2429 752 2437 ,
785 2429 793 2437 .
826 2429 834 2437 .
865 2398 986 2452 ἄρχειν
1015 2399 1107 2437 ibid.
1139 2399 1172 2437 V
1199 2399 1253 2437 49
1281 2399 1367 2448 etc.)
1400 2398 1620 2443 luculentis—

220 2471 361 2508 simum
383 2481 470 2509 mea
490 2470 644 2519 quidem
670 2469 860 2510 sententia
888 2469 1059 2519 impertit
1086 2469 1349 2509 testimon³um
1371 2467 1620 2519 impeoeonali

220 2540 497 2580 constructioni
528 2541 631 2581 verb.
661 2539 811 2595 παρέχει
839 2540 922 2578 sim.
952 2540 1017 2590 ita,
1045 2543 1088 2579 ut
1116 2539 1181 2590 qui
1207 2538 1432 2579 auctoribus
1450 2538 1620 2589 antiquis
