1836 2828
788 128 1057 168 -17-

228 254 362 311 ρευτής.
411 256 507 296 Vide
536 257 824 305 Kannegiesser.
860 258 914 297 De
943 259 1047 297 verb.
1080 259 1164 308 imp.
1197 271 1232 308 p.
1263 258 1347 307 26*,
1377 258 1421 298 H.
1453 258 1620 299 Mueller.

226 327 282 365 De
317 326 427 365 verb.
456 326 544 374 imp.
573 338 609 375 p.
642 327 689 364 11
720 331 757 365 et
785 327 874 365 adn.
905 328 977 376 26,
1015 328 1195 375 Krueger.
1228 330 1291 366 Gr.
1321 340 1373 375 gr.
1403 329 1466 377 61,
1503 330 1546 376 4,
1587 329 1621 366 1.

227 396 417 438 Kuehner.
448 397 472 445 ξ
509 396 589 435 352
628 396 666 447 b)
704 400 743 436 et
779 397 948 437 eiusdem
980 399 1044 437 Gr.
1073 398 1137 438 lat.
1166 399 1196 437 II
1231 399 1305 438 vol.
1335 400 1359 448 ξ
1387 401 1412 439 3
1441 399 1492 448 b),
1529 400 1621 439 item

226 468 496 506 adnotationes
537 467 708 515 Baehrii,
748 468 950 516 Kruegeri,
991 469 1143 506 Abichti
1180 469 1231 507 ad
1269 469 1409 507 Herod.
1449 469 1530 507 VIII
1571 470 1617 507 11

226 541 264 578 et
291 537 425 577 Steinii
453 537 503 576 ad
532 537 582 576 VI
612 537 675 586 27,
708 538 742 577 1.
773 537 838 576 Est
866 541 1007 583 tamen,
1037 551 1106 577 cur
1125 540 1176 578 ab
1204 539 1279 578 hac
1307 523 1621 589 interpretatione

226 607 482 647 recedendum
511 607 787 647 existimemus.
829 608 1000 648 Naturae
1027 606 1256 658 verborum,
1286 621 1386 659 quae
1414 610 1508 659 dixi,
1537 610 1620 648 illu-

225 678 411 717 strandae
438 678 562 716 lucem
592 679 790 726 quandam
818 679 929 716 affert
958 679 1042 727 ipsa
1070 680 1199 726 lingua
1227 680 1364 728 latina,
1393 680 1432 717 in
1461 692 1538 729 qua
1567 680 1618 718 ad

226 747 366 788 similes
403 748 579 788 notiones
617 747 874 797 designandas
912 748 1159 788 inveniuntur
1201 749 1402 789 enuntiata
1443 749 1618 789 subiecto

226 819 409 857 destituta
447 822 510 856 ut:
550 819 750 856 bucinavit
788 819 950 867 (Seneca
988 819 1120 857 Contr.
1160 820 1183 856 7
1223 820 1339 867 praef.
1368 821 1392 867 ξ
1432 821 1452 857 1
1493 831 1619 868 saepe,

230 889 471 929 declamante
499 888 572 938 illo,
608 892 667 928 ter
694 889 760 938 b.)‚
789 888 1014 928 bucinatum
1042 892 1101 928 est
1128 888 1270 938 (Varro
1298 901 1329 927 1.
1360 901 1391 927 1.
1422 888 1460 941 2,
1488 890 1525 937 4,
1554 888 1620 938 20)

224 959 324 998 conf.
353 959 534 1007 Draegeri
562 959 659 996 Hist.
689 959 797 1009 Synt.
819 960 855 997 (1.
876 959 940 997 lat.
970 959 1056 1008 Spr.
1087 960 1119 997 12
1151 960 1238 998 164.
1272 960 1384 1008 166);
1412 959 1480 998 sed
1500 959 1621 997 multo

226 1030 348 1078 magis
366 1030 623 1068 locutionibus
643 1029 703 1068 his
722 1033 826 1069 recte
845 1030 1095 1069 aestimandis
1115 1029 1354 1080 opitulantur
1382 1030 1535 1078 linguae
1563 1040 1622 1068 re-

224 1100 424 1148 centiores,
453 1111 619 1149 quarum
648 1099 887 1149 comparatio
917 1100 1079 1138 multum
1109 1111 1294 1149 persaepe
1322 1099 1471 1138 confert
1490 1099 1541 1138 ad
1561 1110 1622 1138 res

224 1171 497 1218 grammaticas
536 1174 573 1210 et
612 1181 774 1218 graecae
811 1174 849 1210 et
885 1170 1027 1209 latinae
1064 1171 1216 1219 linguae
1259 1170 1527 1220 explanandas
1568 1170 1620 1219 (v,

225 1240 391 1291 Curtius,
420 1241 498 1279 Zur
527 1241 649 1280 Kritik
679 1241 715 1279 d.
745 1245 891 1281 neuest.
922 1241 1114 1293 Sprachf.,
1144 1241 1293 1291 Lipsiae
1324 1242 1428 1280 1885
1457 1254 1493 1291 p.
1526 1242 1618 1289 149)

224 1323 399 1361 quaeque
437 1313 477 1349 in
514 1312 774 1360 exprimendis
801 1312 840 1350 id
869 1323 989 1359 genus
1026 1312 1243 1350 actionibus
1272 1312 1378 1350 haud
1406 1323 1497 1350 raro
1527 1313 1619 1350 sub-

223 1381 364 1421 iectum
393 1382 614 1430 neglegunt:
654 1394 768 1430 germ.
805 1393 868 1421 »es
906 1382 1120 1432 trommelt,
1160 1394 1202 1422 es
1241 1386 1485 1431 trompetet‹.
1525 1382 1620 1421 slav.

229 1464 275 1489 »v
299 1451 395 1499 joho
423 1452 600 1490 vuchach
629 1452 875 1500 zadzvenilo;
905 1452 1054 1501 kficelo,
1083 1457 1126 1491 ze
1153 1452 1258 1499 horn
1297 1452 1436 1500 volalo,
1476 1452 1620 1501 wybilo

229 1522 277 1560 12
308 1523 469 1570 godzin»
502 1524 587 1561 sim.
619 1523 852 1572 (Miklosich,
881 1523 972 1561 Sub.
1003 1524 1041 1561 S.
1063 1535 1099 1572 p.
1118 1524 1196 1571 48).
1226 1523 1308 1561 Hac
1337 1523 1487 1561 ratione
1516 1522 1620 1560 ducti

223 1592 465 1630 enuntiatum
494 1595 542 1635 ὡς
571 1590 725 1645 ἐσήμηνε
753 1592 834 1631 sine
865 1592 1038 1631 subiecto
1066 1592 1234 1641 positum
1263 1603 1348 1631 esse
1376 1592 1620 1641 suspicamur

223 1662 339 1711 (conf.
369 1663 533 1712 Madvig,
563 1663 671 1711 Synt.
702 1664 724 1711 ξ
754 1664 777 1701 7
808 1663 846 1711 a)
877 1663 928 1710 5).

352 1732 390 1783 b)
427 1733 653 1786 προσημαίνει
692 1733 743 1784 (--
754 1733 820 1786 πρὸ
855 1732 995 1770 τούτων
1024 1730 1171 1786 σημήιον
1200 1733 1335 1786 γίνεται
1372 1732 1419 1771 cf.
1450 1733 1539 1772 Her.
1568 1732 1618 1770 Vl

224 1804 285 1851 27,
316 1804 355 1852 3)
390 1807 502 1843 »ante
530 1804 680 1851 Signum
710 1804 859 1842 datura
894 1804 944 1842 Vl
973 1804 1037 1852 27,
1070 1805 1088 1842 1
1120 1803 1232 1856 φιλέει
1260 1797 1300 1841 δέ
1329 1817 1400 1848 κως
1423 1804 1619 1856 xpo-quati-

222 1887 301 1925 νειν,
332 1869 405 1911 εὖτ’
430 1871 472 1911 ἂν
501 1873 616 1927 μέλλῃ
647 1872 793 1926 μεγάλοι
820 1873 919 1918 κακοὶ
933 1893 968 1903 ω
982 1875 1141 1912 ἔσεσθαι.
1172 1874 1522 1922 Krueger-Poekel:
1554 1885 1618 1912 »es

222 1945 337 1992 pflegt
373 1944 457 1983 eine
495 1944 795 1991 Vorbedeutung
832 1944 1104 1983 einzutreten.‹
1157 1943 1214 1982 Cf.
1245 1943 1416 1992 Thucyd.
1445 1944 1474 1981 II
1513 1944 1555 1991 8,
1592 1944 1617 1981 3

223 2013 371 2067 ἐλέγετο
391 2007 431 2051 δὲ
450 2015 511 2052 καὶ
539 2008 654 2052 ἐδόκει
682 2014 740 2052 ἐπὶ
766 2020 840 2058 τοῖς
868 2013 1038 2066 μέλλουσι
1066 2012 1285 2067 γενήσεσὲαι
1313 2018 1466 2067 σημῆναι
1486 2013 1617 2062 (schol.

221 2088 386 2136 σημῆναι·
416 2090 558 2137 σημεῖον
587 2082 699 2135 εἶναι).

351 2156 392 2193 111
430 2155 551 2194 verbo
587 2155 814 2207 προσημαίνει
851 2155 970 2194 latere
1004 2155 1201 2193 notionem
1240 2155 1410 2193 auctoris
1449 2157 1483 2204 (ὁ
1511 2154 1614 2197 serso

221 2225 458 2264 contendunt
495 2225 635 2274 Baehr,
677 2224 839 2274 Abicht,
879 2225 984 2264 Stein
1022 2228 1060 2263 et
1098 2224 1280 2263 Kuehner
1318 2225 1341 2271 ξ
1380 2224 1460 2262 352
1499 2236 1530 2272 0,
1569 2217 1615 2271 δ).

222 2295 322 2333 Inter
359 2299 565 2344 utramque
601 2295 894 2343 explicationem
931 2305 1142 2343 suspensus
1179 2294 1297 2331 animi
1334 2297 1392 2331 est
1420 2293 1616 2340 Schweig-

221 2366 388 2406 haeuser
417 2365 520 2415 (Lex.
549 2378 580 2403 s.
610 2365 673 2414 v.).

348 2586 380 2609 A.
399 2584 462 2616 Stef-
480 2578 639 2608 niodovieki.
673 2583 712 2607 De
729 2585 817 2609 suunt.
835 2583 904 2613 uubj.
920 2582 1078 2607 carentibus.
1362 2578 1383 2610 3
