1836 2828
782 143 1053 182 ..14-

354 267 603 313 Adnotatio
640 268 675 312 1.
734 271 952 311 Pei-sonans
988 272 1225 312 constructio
1268 272 1375 312 verbi
1402 271 1522 326 μέλειν
1535 303 1544 321 ,
1582 273 1622 311 in
1651 319 1654 322 ‚

221 342 348 380 soluta
377 342 555 380 oratione
583 354 662 381 non
690 343 902 381 admodum
932 343 1121 392 frequens,
1151 343 1349 392 praevalet
1377 343 1416 381 in
1444 353 1623 382 sermone

220 412 498 462 vetustissimo,
536 412 576 451 in
604 412 843 452 carminibus
881 413 1124 463 potissimum
1158 412 1316 453 Homeri
1344 417 1383 453 et
1410 413 1515 463 apud
1543 417 1624 452 tra-

221 483 326 530 gicos
354 487 491 532 poetas
521 483 582 532 (ef.
614 482 774 522 Passow
805 496 834 521 s.
864 496 914 531 v.,
951 485 1121 531 Krueger
1149 484 1206 522 Di.
1236 485 1302 532 47,
1336 484 1396 532 11,
1426 484 1477 532 2).
1536 483 1622 529 Quo

220 565 294 592 usu
324 553 603 603 comprobatur
632 553 835 602 originatio
864 553 978 593 huius
1008 553 1126 603 vocis,
1155 565 1273 603 quam
1301 554 1437 593 statuit
1461 553 1623 603 Osthoff,

221 624 299 661 Zur
327 623 464 662 Geseh.
496 624 563 662 des
595 624 690 662 Pers.
723 636 758 673 p.
789 625 872 663 450
899 625 990 663 adn.
1039 625 1129 662 Eius
1157 625 1260 663 enim
1298 624 1488 663 sententia
1525 624 1624 662 inest

220 695 340 735 verbo
369 693 489 747 μέλειν
517 694 654 734 eadem
682 695 793 733 radix
823 699 941 745 atque
964 695 1003 733 in
1026 693 1146 744 μάλα,
1176 697 1328 749 μᾶλλον,
1357 693 1529 749 μάλιστα,
1558 694 1623 733 lat.

222 766 365 815 melior,
393 788 446 794 —
477 778 524 804 us
563 766 625 815 (cf.
656 765 834 814 Curtius,
874 766 1015 815 Etym.⁶
1044 767 1159 815 594);
1197 765 1298 819 μέλει
1335 767 1394 819 μοί
1430 780 1466 804 τι
1494 781 1537 796 =
1565 769 1625 805 oet

222 837 365 887 aliquid
394 836 488 875 mihi
517 837 647 885 magni
675 838 871 877 momenti.

350 905 601 950 Adnotatio
640 905 678 949 2.
737 908 835 946 Tam
865 909 943 947 rari
982 921 1076 947 usus
1114 909 1223 947 verbi
1261 908 1380 960 μέλειν
1417 919 1539 947 causa
1567 912 1625 947 est

222 989 363 1026 magna
391 978 504 1028 copia
533 978 770 1018 locutionum
801 979 901 1019 idem
930 979 1237 1029 significantium,
1267 990 1366 1029 quas
1385 978 1543 1019 ubertas
1568 978 1626 1018 di-

221 1049 331 1087 cendi
365 1049 586 1088 Herodotea
616 1061 709 1098 prae
737 1061 780 1088 se
808 1050 890 1088 fert.
938 1050 1140 1088 Sufficiant
1169 1049 1354 1088 nonnulla
1382 1053 1533 1088 tantum
1561 1062 1624 1098 sy-

220 1130 413 1168 nonyma,
444 1119 570 1159 velut:
610 1120 652 1170 a)
681 1118 851 1173 μελετάω
882 1120 926 1159 111
969 1120 1064 1168 115,
1110 1121 1154 1158 11
1186 1121 1227 1158 οὐ
1272 1113 1424 1173 δύναμαι
1462 1121 1622 1168 ἀκοῦσαι,

220 1195 331 1227 τοῦτο
360 1192 535 1242 μελετῶν,
558 1191 606 1229 VI
640 1191 727 1239 105,
757 1191 794 1229 3.
826 1190 864 1240 b)
893 1190 1142 1242 ἐπιμελεῖσθαι
1169 1190 1205 1227 V
1226 1190 1289 1240 29,
1323 1190 1372 1229 12
1402 1184 1535 1228 δοκέειν
1554 1190 1624 1243 γὰρ

222 1263 356 1313 ἔφασαν
376 1261 437 1298 καὶ
455 1266 529 1298 τῶν
549 1254 726 1314 δημοσίων
746 1260 842 1299 οὕτω
872 1254 916 1313 δή
944 1273 1051 1314 σφεας
1080 1259 1375 1314 ἐπιμελήσεσθαι,
1406 1262 1442 1310 c)
1469 1254 1625 1314 κήδομαι

221 1332 272 1369 IX
293 1332 358 1380 45,
387 1333 412 1370 6
432 1335 462 1369 εἰ
481 1330 530 1384 μὴ
552 1330 722 1385 μεγάλως
747 1325 927 1384 ἐκηδόμην
955 1329 1158 1384 συναπάσης
1186 1336 1251 1384 τῆς
1281 1325 1468 1378 Ἑλλάδος,
1498 1332 1542 1381 d)
1561 1345 1626 1369 πε-

222 1401 408 1454 ριέχεσθαι
446 1414 535 1441 eum
572 1414 654 1451 gen.
693 1402 773 1441 VIII
812 1403 886 1449 60,
925 1402 978 1441 25
1017 1407 1082 1440 τοῦ
1120 1403 1181 1440 καὶ
1208 1400 1423 1454 περιέχεσθε
1451 1400 1622 1454 μάλιστα,

221 1474 256 1514 e)
285 1472 477 1525 φροντίζειν
506 1473 587 1510 VIII
617 1473 680 1521 36,
709 1473 732 1510 7
763 1471 880 1524 σφέων
908 1473 1029 1509 αὐτῶν
1055 1471 1133 1524 πέρι
1161 1471 1377 1524 ἐφρόντιζον,
1408 1471 1455 1522 s)
1484 1473 1624 1516 ἀνακῶς

223 1543 281 1593 (Ξ
311 1542 503 1596 ἐπιμελῶς)
542 1546 615 1592 ἔχω
644 1555 732 1582 cum
763 1554 846 1591 gen.
878 1543 958 1582 VIII
993 1543 1087 1592 109,
1126 1542 1176 1581 21
1208 1543 1268 1580 καί
1294 1557 1346 1587 τις
1377 1573 1385 1581 .
1405 1574 1412 1581 .
1431 1573 1439 1580 .
1459 1573 1466 1581 .
1496 1542 1626 1596 σπόρου

222 1616 363 1658 ἀνακῶς
393 1614 520 1662 ἐχέτω,
552 1614 596 1652 (tf.
627 1615 640 1652 I
671 1614 734 1663 24,
764 1614 816 1652 29
844 1614 934 1652 ibid.
966 1614 1052 1652 adn.
1085 1613 1228 1653 Steinii.
1256 1614 1299 1664 q)
1326 1613 1404 1651 ὄπιν
1434 1616 1507 1663 ἔχω
1535 1625 1625 1652 cum

222 1697 306 1733 gen.
337 1686 387 1723 IX
418 1685 482 1733 76,
515 1685 565 1724 15
595 1684 774 1728 ἀπολέσας
810 1684 893 1728 τοὺς
921 1684 1005 1722 οὔτε
1034 1683 1133 1722 θεῶν
1161 1683 1239 1722 ὄπιν
1269 1687 1427 1734 ἔχοντας,
1468 1684 1516 1723 ef.
1544 1684 1626 1722 VIII

226 1757 314 1805 143,
347 1756 406 1795 11.
437 1755 479 1805 h)
509 1755 581 1809 ὤρη
603 1755 661 1806 (z
677 1755 876 1809 ἐπιμέλεια)
908 1756 983 1794 ἐστί
1009 1769 1112 1803 τινος,
1144 1756 1187 1794 III
1211 1755 1299 1805 155,
1329 1754 1382 1794 23
1409 1758 1474 1808 τῆς
1504 1754 1627 1808 (στρα-

221 1828 313 1879 τιῆς)
343 1821 491 1879 οὐδεμία
521 1830 621 1864 ἐσται
650 1827 723 1879 ὤρη
753 1826 1013 1879 ἀπολλυμένης,
1044 1838 1122 1875 quo
1142 1826 1227 1864 Ioco
1247 1825 1418 1864 defectus
1437 1837 1626 1874 personae

222 1901 280 1936 est
308 1897 516 1945 notandus,
547 1896 621 1934 hoe
643 1896 758 1935 modo
778 1897 880 1936 enim
910 1896 1088 1936 absolute
1107 1908 1143 1935 v.
1165 1895 1284 1949 μέλειν
1304 1907 1382 1935 non
1404 1898 1625 1945 usurpatur.

223 1965 340 2021 Ὠρην
371 1971 463 2017 ἔχειν
492 1980 580 2006 eum
611 1980 695 2015 gen.
727 1969 741 2006 I
770 1970 807 2017 4,
837 1969 860 2006 7
882 1961 1057 2020 μηδεμίαν
1086 1967 1179 2020 ὤρην
1209 1971 1300 2015 ἔχειν
1329 1966 1624 2019 ἁρπασθεισέων;

222 2038 315 2092 ὤρην
343 2036 532 2076 ποιέεσθαι
553 2038 603 2075 IX
624 2038 660 2087 8,
694 2039 752 2076 10.
782 2038 814 2088 i)
842 2031 999 2090 σπουδὴν
1018 2035 1207 2075 ποιέεσθαι
1235 2036 1286 2075 IX
1307 2037 1344 2088 8,
1375 2037 1400 2074 8
1429 2039 1468 2075 et
1494 2036 1566 2083 14,
1588 2036 1624 2074 6.

355 2199 424 2222 non
448 2191 618 2231 potuerint
649 2201 718 2224 una
747 2202 824 2224 cum
848 2202 889 2224 eo
913 2191 1157 2233 expugnandae
1181 2191 1256 2224 urbi
1279 2191 1434 2231 studere,
1466 2189 1500 2223 id
1523 2190 1627 2223 artifi-

355 2250 448 2282 ciose
478 2251 703 2292 excogitatum
734 2252 810 2292 quis
840 2255 908 2289 est,
944 2252 1001 2292 qui
1025 2261 1094 2283 non
1117 2251 1241 2283 videat.
1279 2250 1503 2283 Lenissimam
1527 2250 1627 2291 igitur

354 2302 576 2343 mutationem
602 2309 637 2341 τὰ
660 2312 702 2342 δεῖ
724 2321 745 2344 a
769 2311 907 2344 Reiskio
932 2312 1056 2345 factam
1080 2321 1149 2344 non
1172 2310 1450 2344 dissentientibus
1466 2309 1623 2349 Baehrio,

353 2370 506 2411 Abichto,
532 2371 711 2412 Kruegero.
736 2372 873 2410 Steinio.
898 2371 1285 2413 Dietsch-Kallenbergio
1307 2381 1372 2403 nos
1388 2380 1522 2412 quoque
1544 2369 1627 2402 reci—

356 2430 477 2472 pimus.
525 2431 623 2464 Haud
648 2432 736 2464 iusto
761 2432 833 2464 iure
857 2432 970 2471 Cobet,
995 2432 1118 2464 Mnem.
1143 2442 1174 2464 n.
1200 2441 1227 2463 s.
1250 2431 1294 2463 XI
1317 2431 1380 2463 301
1406 2429 1569 2471 expunxit
1592 2427 1627 2459 τὰ

354 2491 396 2521 δεῖ
418 2490 520 2521 ποιέειν
541 2491 726 2528 affirmans
751 2491 820 2523 vim
845 2491 1033 2523 sententiae
1056 2491 1167 2523 inesse
1192 2490 1304 2522 verbis
1321 2488 1355 2520 τὸ
1370 2487 1402 2520 δὲ
1418 2488 1548 2519 ἐνθεῦτεν
1563 2486 1628 2531 ἐμοὶ

355 2549 472 2593 μελήσει
498 2560 651 2584 »mecum
675 2550 735 2584 erit
761 2550 823 2584 iste
848 2550 963 2583 labor«
981 2550 1031 2593 (22).
