1836 2828
786 156 1061 197 -16-

224 284 316 335 ὄζειν
345 278 384 323 ’δὲ
414 283 476 323 ἀπ’
504 288 615 339 αὐτῆς
643 289 690 330 ὡς
719 289 748 324 εἰ
776 287 838 323 ἴων
873 286 961 336 »qui
980 286 1066 325 fons
1086 299 1208 328 suave
1228 288 1333 328 velut
1360 288 1483 328 violas
1511 288 1625 328 olet«.

225 357 373 402 Quibus
401 357 531 394 verbis
560 357 788 395 describitur
816 356 907 394 nihil
937 357 1061 405 aliud,
1100 358 1173 396 nisi
1206 362 1349 397 natura
1377 359 1493 398 fontis
1521 359 1626 408 apud

224 424 553 476 Ichthyophagos;
595 425 697 465 idem
734 429 912 476 spectant
953 438 989 465 v.
1030 427 1118 465 8-—
1136 427 1197 467 14.
1253 429 1309 468 lta
1350 427 1456 468 hunc
1497 428 1625 469 locum

224 498 420 545 accipiunt
447 496 644 544 Matthiae,
674 497 738 534 Gr.
770 508 823 544 gr.
845 498 868 544 ξ
897 498 977 536 376
1006 500 1044 536 et
1071 498 1300 548 interpretes
1328 499 1479 548 Abicht,
1508 499 1625 538 Stein.

225 566 471 617 Quapropter
500 566 604 616 quod
633 565 761 606 Baehr
799 568 850 617 (a.
880 566 916 605 h.
947 567 997 619 1.),
1037 568 1195 607 Passow
1223 572 1263 609 et
1292 568 1543 619 Papo-Seug.
1573 570 1624 618 (v.

224 637 313 688 ὀζω)
343 637 534 685 iudicant,
571 637 787 675 subiectum
817 649 852 675 v.
883 637 974 688 ὄζειν
1011 649 1096 676 esse
1123 638 1206 682 τοὺς
1233 638 1466 692 λουομένους,
1505 639 1544 678 id
1572 640 1627 679 eis

224 720 303 746 non
340 719 548 757 possumus
586 708 777 746 assentiri.
835 709 1006 755 Krueger
1044 709 1096 757 (in
1135 709 1212 757 ed.)
1247 710 1424 749 concedit
1461 710 1625 759 quidem,

224 790 337 826 posse
355 790 391 815 V.
412 777 504 828 ὄζειν
534 777 608 816 hoc
636 777 721 816 loco
751 789 840 816 cum
869 778 1043 817 subiecto
1072 778 1272 829 coniungi,
1301 779 1383 830 ipse
1410 782 1542 819 tamen
1571 780 1627 819 vi·

226 850 339 888 detur
368 849 562 897 praeferre
581 849 749 897 priorem
769 849 872 886 illam
892 849 1199 897 explicationem.
1230 851 1272 887 ln
1291 851 1413 889 lexico
1432 851 1627 898 Schweig-

226 919 404 958 haeuseri
433 918 577 957 frustra
606 918 697 970 ὄζειν
725 930 863 958 vocem
893 919 1149 969 quaesiveris!

359 987 618 1030 Adnotatio.
678 990 851 1028 Eundem
881 1001 994 1027 usum
1025 990 1140 1028 huius
1168 991 1278 1029 verbi
1306 990 1461 1030 exhibet
1490 992 1624 1041 Lysias

225 1061 261 1109 6,
294 1060 328 1098 1.
358 1059 537 1109 Xenoph.
569 1059 663 1109 Cyn.
694 1060 729 1108 5,
763 1060 795 1108 1,
826 1060 862 1098 7.
906 1059 1030 1107 Vulgo
1059 1064 1190 1099 tamen
1225 1061 1405 1100 adsciscit
1433 1061 1505 1112 ὄζω
1534 1062 1626 1101 sub-

224 1132 363 1169 iectum
402 1141 593 1178 personae
630 1134 697 1167 aut
727 1130 803 1178 rei3
847 1142 1129 1179 nonnunquam
1157 1132 1334 1170 obtinent
1364 1132 1486 1171 vicem
1517 1133 1623 1171 verbi

223 1200 350 1239 olendi
379 1200 642 1239 substantiva:
677 1193 784 1253 ὀδμή,
815 1193 944 1254 εὐωδίη
974 1204 1066 1250 apto
1097 1201 1216 1241 verbo
1245 1201 1450 1241 adiuncto:
1481 1202 1623 1241 Herod.

224 1272 269 1309 ΙΙΙ
299 1271 361 1320 24,
394 1271 455 1309 10.
486 1270 535 1308 lV
565 1270 628 1320 75,
661 1270 722 1309 13.
753 1270 809 1310 Cf.
841 1271 911 1310 Od.
942 1284 960 1309 ε
988 1272 1161 1311 59—60.
1190 1272 1257 1311 Ar.
1288 1271 1417 1311 Nubb.
1447 1269 1512 1312 50.

356 1341 394 1390 b)
424 1341 558 1390 ἀπόζει,
586 1342 630 1378 lll
664 1341 751 1389 113,
783 1341 888 1379 1—-2
918 1341 1040 1391 ἀπόζει
1059 1335 1099 1379 δὲ
1117 1346 1182 1394 τῆς
1211 1342 1330 1395 χώρης
1357 1348 1422 1395 τῆς
1452 1341 1626 1396 Ἀραβίης

223 1411 416 1450 ,θεσπέσιον
444 1414 492 1455 ὡς
519 1404 600 1463 ἡδύ.
644 1410 701 1450 Cf.
734 1411 828 1451 Plut.
858 1410 966 1451 Alex.
998 1412 1051 1451 20
1077 1405 1205 1451 ὀδώδει
1232 1412 1499 1465 θεσπέσιον
1528 1410 1626 1452 οἷον

224 1483 292 1519 ὑπὸ
320 1482 439 1534 μύρων
467 1483 528 1518 καὶ
556 1480 762 1534 ἀρωμάπων
790 1484 809 1519 6
838 1479 941 1525 οἶκος.
1002 1482 1050 1521 Ut
1078 1483 1154 1521 hoc
1180 1483 1276 1528 1000,
1305 1484 1359 1522 ita
1387 1495 1505 1532 saepe
1533 1495 1623 1522 cum

221 1565 319 1592 voce
346 1552 438 1603 ὄζειν
467 1552 699 1601 copulantur
727 1552 914 1591 adverbia
942 1552 1070 1605 γλυκύ,
1102 1552 1224 1601 κακόν,
1256 1551 1437 1591 κάκιστον.
1483 1554 1625 1603 Impro-

223 1622 355 1660 banda
383 1626 442 1661 est
470 1622 587 1672 igitur
616 1622 809 1660 sententia
837 1622 970 1660 Steinii
1000 1624 1049 1671 (a.
1082 1622 1118 1660 h.
1149 1623 1202 1671 1.)‚
1239 1623 1305 1671 qui
1334 1623 1448 1661 refert
1478 1623 1627 1672 praedi-

224 1695 352 1731 catum
393 1691 519 1742 ἀπόζει
557 1692 605 1730 ad
643 1692 857 1731 subiectum
895 1685 963 1744 ἡδύ
1006 1693 1091 1731 »ein
1120 1693 1417 1732 wundersiisser
1444 1692 1556 1732 Duft‹
1576 1694 1625 1743 (i).

224 1763 435 1802 Nobiscum
466 1766 572 1800 stant
601 1762 742 1801 Abicht
771 1767 806 1802 et
838 1764 1030 1813 Gomperz
1060 1763 1163 1810 (Her.
1185 1764 1292 1802 Stud.
1313 1764 1343 1802 ΙΙ
1364 1764 1441 1803 591
1464 1764 1551 1803 adn.
1576 1763 1624 1814 1).

356 1834 393 1872 2.
451 1835 493 1883 a)
531 1834 691 1886 σημαίνει
735 1834 907 1881 »signum
947 1834 1139 1883 (militare)
1179 1835 1343 1873 datum:
1384 1835 1464 1873 Vlll
1503 1835 1563 1884 11,
1604 1836 1623 1873 1

227 1910 318 1941 τοῖσι
347 1898 386 1941 δὲ
415 1901 573 1956 “Eum
601 1907 649 1947 ὡς
678 1902 844 1957 ἐσήμηνε,
876 1910 1003 1957 πρῶτα
1031 1903 1096 1957 μὲν
1123 1906 1201 1942 κτέ.

355 1975 457 2013 Inter
494 1986 630 2013 omnes
669 1978 841 2018 constat,
880 1986 960 2013 non
989 1975 1106 2013 modo
1135 1975 1317 2024 antiquos
1345 1975 1481 2013 doctos
1509 1975 1624 2019 viros,

223 2056 359 2084 verum
398 2045 513 2083 etiam
554 2045 786 2083 recentiores
823 2045 1097 2092 grammaticos
1127 2049 1165 2083 ct
1193 2048 1521 2084 commentatores
1549 2045 1629 2084 fere

223 2127 303 2154 uno
332 2115 503 2153 clamare
531 2125 612 2162 ore,
652 2114 774 2153 verba
803 2115 983 2167 σημαίνει,
1023 2114 1211 2167 κηρύττει,
1252 2114 1415 2165 σαλπίζει
1443 2115 1561 2154 indoli
1588 2116 1627 2165 (l)

223 2198 386 2234 graecae
401 2186 555 2233 linguae
574 2185 848 2224 convenienter
867 2189 1201 2235 congruenterque
1219 2185 1413 2234 iungenda
1434 2197 1519 2225 esse
1538 2198 1625 2225 cum

223 2256 415 2294 substant.
458 2258 476 2293 6
516 2253 762 2307 σαλπιγκτής,
803 2257 822 2292 ὀ
851 2253 961 2308 κῆρυξ
1000 2255 1103 2307 sim.,
1144 2256 1248 2305 quod
1286 2255 1346 2294 his
1385 2257 1628 2305 potissimum

224 2326 406 2365 subiectis
434 2326 607 2364 actiones
636 2326 723 2364 illae
752 2326 1026 2364 adscribantur
1053 2330 1091 2365 et
1120 2326 1204 2375 ipsa
1238 2326 1428 2365 »verbalis
1454 2326 1561 2365 notio
1581 2326 1629 2365 de

224 2400 330 2436 certo
360 2396 531 2446 quodam
561 2395 734 2435 subiecto
763 2397 933 2444 cogitare
961 2407 1033 2434 nos
1062 2399 1224 2444 cogat‹;
1269 2407 1393 2445 aeque
1420 2396 1535 2444 igitur
1563 2406 1628 2434 ac-

223 2467 347 2506 tiones
385 2466 457 2505 has
498 2479 582 2506 esse
620 2467 864 2517 accipiendas
903 2470 1062 2517 putant,
1105 2478 1153 2505 ac
1191 2467 1391 2506 enuntiata
1426 2466 1625 2517 οἰνοχοεύει,

224 2537 320 2586 θύει,
350 2536 509 2591 θηρεύει,
541 2549 706 2587 quorum
735 2538 910 2577 subiecta
939 2541 1030 2576 sunt
1059 2540 1077 2575 6
1106 2536 1271 2587 οἰνοχόος,
1313 2539 1332 2575 ὁ
1360 2536 1478 2585 θύων,
1507 2539 1526 2575 ὀ
1554 2536 1629 2591 3η-
