<?xml version="1.0" encoding="UTF-8"?>
<!DOCTYPE html PUBLIC "-//W3C//DTD XHTML 1.0 Transitional//EN"
    "http://www.w3.org/TR/xhtml1/DTD/xhtml1-transitional.dtd">
<html xmlns="http://www.w3.org/1999/xhtml" xml:lang="en" lang="en">
 <head>
  <title>
</title>
<meta http-equiv="Content-Type" content="text/html;charset=utf-8" />
  <meta name='ocr-system' content='tesseract 3.04.00' />
  <meta name='ocr-capabilities' content='ocr_page ocr_carea ocr_par ocr_line ocrx_word'/>
</head>
<body>
  <div class='ocr_page' id='page_1' title='image "4737892_0059.png"; bbox 0 0 1836 2828; ppageno 0'>
   <div class='ocr_carea' id='block_1_1' title="bbox 781 112 1068 155">
    <p class='ocr_par' dir='ltr' id='par_1_1' title="bbox 781 112 1068 181">
     <span class='ocr_line' id='line_1_1' title="bbox 781 112 1068 155; baseline -0.003 -8"><span class='ocrx_word' id='word_1_1' title='bbox 781 112 942 155; x_wconf 72' lang='lat'>-47</span> <span class='ocrx_word' id='word_1_2' title='bbox 1002 134 1068 146; x_wconf 82' lang='lat'>...-</span> 
     </span>
    </p>
   </div>
   <div class='ocr_carea' id='block_1_2' title="bbox 213 243 1621 2548">
    <p class='ocr_par' dir='ltr' id='par_1_2' title="bbox 213 243 1621 2548">
     <span class='ocr_line' id='line_1_2' title="bbox 223 243 1618 296; baseline 0.001 -12"><span class='ocrx_word' id='word_1_3' title='bbox 223 243 485 294; x_wconf 80' lang='lat' dir='ltr'><strong>grammaticis</strong></span> <span class='ocrx_word' id='word_1_4' title='bbox 513 243 670 293; x_wconf 90' lang='lat' dir='ltr'>(Cobet,</span> <span class='ocrx_word' id='word_1_5' title='bbox 698 243 839 284; x_wconf 88' lang='lat' dir='ltr'>Mnem.</span> <span class='ocrx_word' id='word_1_6' title='bbox 868 255 907 283; x_wconf 87' lang='lat' dir='ltr'>n.</span> <span class='ocrx_word' id='word_1_7' title='bbox 927 257 958 282; x_wconf 90' lang='lat' dir='ltr'>s.</span> <span class='ocrx_word' id='word_1_8' title='bbox 987 244 1039 283; x_wconf 89' lang='lat' dir='ltr'>XI</span> <span class='ocrx_word' id='word_1_9' title='bbox 1068 244 1163 293; x_wconf 82' lang='lat'>288)</span> <span class='ocrx_word' id='word_1_10' title='bbox 1193 244 1549 296; x_wconf 74' lang='lat' dir='ltr'>recentioribusque</span> <span class='ocrx_word' id='word_1_11' title='bbox 1576 250 1618 286; x_wconf 90' lang='lat' dir='ltr'>ut</span> 
     </span>
     <span class='ocr_line' id='line_1_3' title="bbox 223 310 1618 369; baseline 0 -15"><span class='ocrx_word' id='word_1_12' title='bbox 223 315 430 356; x_wconf 84' lang='lat' dir='ltr'>Kuehnero</span> <span class='ocrx_word' id='word_1_13' title='bbox 449 316 474 363; x_wconf 67' lang='grc' dir='ltr'>ἓ</span> <span class='ocrx_word' id='word_1_14' title='bbox 493 314 573 354; x_wconf 84' lang='grc'>352</span> <span class='ocrx_word' id='word_1_15' title='bbox 597 326 714 354; x_wconf 86' lang='lat' dir='ltr'>voces</span> <span class='ocrx_word' id='word_1_16' title='bbox 740 314 813 353; x_wconf 87' lang='lat' dir='ltr'>has</span> <span class='ocrx_word' id='word_1_17' title='bbox 841 315 1118 364; x_wconf 84' lang='lat' dir='ltr'>impersonales</span> <span class='ocrx_word' id='word_1_18' title='bbox 1146 315 1197 355; x_wconf 86' lang='lat' dir='ltr'>ad</span> <span class='ocrx_word' id='word_1_19' title='bbox 1225 316 1442 356; x_wconf 84' lang='lat' dir='ltr'>subiectum</span> <span class='ocrx_word' id='word_1_20' title='bbox 1470 310 1618 369; x_wconf 66' lang='grc' dir='ltr'>δαίμων,</span> 
     </span>
     <span class='ocr_line' id='line_1_4' title="bbox 219 384 1619 439; baseline 0.001 -15"><span class='ocrx_word' id='word_1_21' title='bbox 219 388 238 424; x_wconf 83' lang='grc' dir='ltr'><strong><em>ὁ</em></strong></span> <span class='ocrx_word' id='word_1_22' title='bbox 257 385 356 431; x_wconf 64' lang='grc' dir='ltr'>θεός,</span> <span class='ocrx_word' id='word_1_23' title='bbox 386 387 407 424; x_wconf 84' lang='grc' dir='ltr'>ὁ</span> <span class='ocrx_word' id='word_1_24' title='bbox 425 384 542 439; x_wconf 75' lang='grc' dir='ltr'>καιρός</span> <span class='ocrx_word' id='word_1_25' title='bbox 569 385 749 434; x_wconf 81' lang='lat' dir='ltr'>referant,</span> <span class='ocrx_word' id='word_1_26' title='bbox 778 384 982 425; x_wconf 83' lang='lat' dir='ltr'>manifesto</span> <span class='ocrx_word' id='word_1_27' title='bbox 1009 385 1157 434; x_wconf 87' lang='lat' dir='ltr'>legibus</span> <span class='ocrx_word' id='word_1_28' title='bbox 1183 386 1371 436; x_wconf 79' lang='lat' dir='ltr'>syntaxis</span> <span class='ocrx_word' id='word_1_29' title='bbox 1387 391 1619 436; x_wconf 86' lang='lat' dir='ltr'>repugnent;</span> 
     </span>
     <span class='ocr_line' id='line_1_5' title="bbox 221 455 1621 507; baseline 0.001 -13"><span class='ocrx_word' id='word_1_30' title='bbox 221 455 259 506; x_wconf 83' lang='lat' dir='ltr'>b)</span> <span class='ocrx_word' id='word_1_31' title='bbox 295 455 434 496; x_wconf 87' lang='lat' dir='ltr'>adiect.</span> <span class='ocrx_word' id='word_1_32' title='bbox 472 455 645 496; x_wconf 82' lang='lat' dir='ltr'><strong>verbalia</strong></span> <span class='ocrx_word' id='word_1_33' title='bbox 683 456 723 494; x_wconf 91' lang='lat' dir='ltr'>in</span> <span class='ocrx_word' id='word_1_34' title='bbox 760 458 899 495; x_wconf 85' lang='lat' dir='ltr'>neutro</span> <span class='ocrx_word' id='word_1_35' title='bbox 935 456 1071 506; x_wconf 84' lang='lat' dir='ltr'>plural.</span> <span class='ocrx_word' id='word_1_36' title='bbox 1099 456 1183 496; x_wconf 88' lang='lat' dir='ltr'>sine</span> <span class='ocrx_word' id='word_1_37' title='bbox 1221 457 1394 496; x_wconf 84' lang='lat' dir='ltr'>subiecto</span> <span class='ocrx_word' id='word_1_38' title='bbox 1431 461 1621 507; x_wconf 82' lang='lat' dir='ltr'>usurpata</span> 
     </span>
     <span class='ocr_line' id='line_1_6' title="bbox 221 519 1619 581; baseline 0.001 -16"><span class='ocrx_word' id='word_1_39' title='bbox 221 526 355 576; x_wconf 82' lang='lat' dir='ltr'>(Thuc.</span> <span class='ocrx_word' id='word_1_40' title='bbox 386 526 400 565; x_wconf 94' lang='lat' dir='ltr'>I</span> <span class='ocrx_word' id='word_1_41' title='bbox 429 525 502 576; x_wconf 84' lang='lat'>72,</span> <span class='ocrx_word' id='word_1_42' title='bbox 546 527 562 565; x_wconf 80' lang='lat' dir='ltr'>l</span> <span class='ocrx_word' id='word_1_43' title='bbox 604 519 723 575; x_wconf 70' lang='grc' dir='ltr'><strong>ἔδοξεν</strong></span> <span class='ocrx_word' id='word_1_44' title='bbox 753 528 879 571; x_wconf 42' lang='grc' dir='ltr'>ἀὐτοῖς</span> <span class='ocrx_word' id='word_1_45' title='bbox 915 526 1115 581; x_wconf 70' lang='grc' dir='ltr'>παριτητέα</span> <span class='ocrx_word' id='word_1_46' title='bbox 1143 527 1177 571; x_wconf 84' lang='grc' dir='ltr'>ἐς</span> <span class='ocrx_word' id='word_1_47' title='bbox 1203 526 1287 571; x_wconf 83' lang='grc' dir='ltr'>τοὺς</span> <span class='ocrx_word' id='word_1_48' title='bbox 1313 521 1619 581; x_wconf 73' lang='grc' dir='ltr'>Λακεδαιμονίους</span> 
     </span>
     <span class='ocr_line' id='line_1_7' title="bbox 220 594 1620 651; baseline 0.002 -17"><span class='ocrx_word' id='word_1_49' title='bbox 220 594 326 646; x_wconf 80' lang='grc' dir='ltr'>εἶναι,</span> <span class='ocrx_word' id='word_1_50' title='bbox 365 598 428 647; x_wconf 87' lang='grc'>79,</span> <span class='ocrx_word' id='word_1_51' title='bbox 457 598 482 636; x_wconf 84' lang='grc'>2</span> <span class='ocrx_word' id='word_1_52' title='bbox 510 597 721 651; x_wconf 73' lang='grc' dir='ltr'>πολεμητέα</span> <span class='ocrx_word' id='word_1_53' title='bbox 749 595 835 636; x_wconf 70' lang='grc' dir='ltr'><strong>εἶναι</strong></span> <span class='ocrx_word' id='word_1_54' title='bbox 862 597 916 649; x_wconf 92' lang='lat'>(=</span> <span class='ocrx_word' id='word_1_55' title='bbox 944 598 994 636; x_wconf 94' lang='lat' dir='ltr'>VI</span> <span class='ocrx_word' id='word_1_56' title='bbox 1023 598 1087 647; x_wconf 84' lang='lat'>50,</span> <span class='ocrx_word' id='word_1_57' title='bbox 1113 598 1168 649; x_wconf 85' lang='lat'>5),</span> <span class='ocrx_word' id='word_1_58' title='bbox 1210 598 1258 637; x_wconf 89' lang='lat' dir='ltr'>Vl</span> <span class='ocrx_word' id='word_1_59' title='bbox 1288 598 1357 648; x_wconf 84' lang='lat'>25,</span> <span class='ocrx_word' id='word_1_60' title='bbox 1386 598 1410 637; x_wconf 82' lang='lat'><strong>2</strong></span> <span class='ocrx_word' id='word_1_61' title='bbox 1438 599 1620 637; x_wconf 69' lang='grc' dir='ltr'>πλευστέα</span> 
     </span>
     <span class='ocr_line' id='line_1_8' title="bbox 220 662 1621 718; baseline 0.003 -13"><span class='ocrx_word' id='word_1_62' title='bbox 220 665 305 706; x_wconf 67' lang='grc' dir='ltr'>εἶναι</span> <span class='ocrx_word' id='word_1_63' title='bbox 341 667 512 718; x_wconf 74' lang='lat' dir='ltr'>aliaque,</span> <span class='ocrx_word' id='word_1_64' title='bbox 550 667 597 707; x_wconf 88' lang='lat' dir='ltr'>cf.</span> <span class='ocrx_word' id='word_1_65' title='bbox 627 668 745 708; x_wconf 88' lang='lat' dir='ltr'>etiam</span> <span class='ocrx_word' id='word_1_66' title='bbox 777 669 932 718; x_wconf 84' lang='lat' dir='ltr'>impers.</span> <span class='ocrx_word' id='word_1_67' title='bbox 963 662 1126 707; x_wconf 74' lang='grc' dir='ltr'>ἀδύνατά</span> <span class='ocrx_word' id='word_1_68' title='bbox 1165 668 1240 706; x_wconf 81' lang='grc' dir='ltr'><strong>ἐστι</strong></span> <span class='ocrx_word' id='word_1_69' title='bbox 1267 668 1408 708; x_wconf 84' lang='lat' dir='ltr'><strong>Herod.</strong></span> <span class='ocrx_word' id='word_1_70' title='bbox 1437 669 1452 707; x_wconf 93' lang='lat' dir='ltr'>I</span> <span class='ocrx_word' id='word_1_71' title='bbox 1480 670 1544 718; x_wconf 89' lang='grc'>91,</span> <span class='ocrx_word' id='word_1_72' title='bbox 1573 671 1621 710; x_wconf 77' lang='lat'>4;</span> 
     </span>
     <span class='ocr_line' id='line_1_9' title="bbox 219 735 1621 789; baseline 0.001 -13"><span class='ocrx_word' id='word_1_73' title='bbox 219 735 277 776; x_wconf 81' lang='grc' dir='ltr'>οἷά</span> <span class='ocrx_word' id='word_1_74' title='bbox 317 738 393 776; x_wconf 78' lang='grc' dir='ltr'><strong>ἐστι</strong></span> <span class='ocrx_word' id='word_1_75' title='bbox 420 738 559 778; x_wconf 87' lang='lat' dir='ltr'>Herod.</span> <span class='ocrx_word' id='word_1_76' title='bbox 587 739 602 777; x_wconf 85' lang='lat'>1</span> <span class='ocrx_word' id='word_1_77' title='bbox 634 739 731 787; x_wconf 77' lang='lat'>194,</span> <span class='ocrx_word' id='word_1_78' title='bbox 769 739 837 787; x_wconf 76' lang='lat'>24)</span> <span class='ocrx_word' id='word_1_79' title='bbox 864 739 1070 789; x_wconf 84' lang='lat' dir='ltr'>impellunt</span> <span class='ocrx_word' id='word_1_80' title='bbox 1096 751 1190 789; x_wconf 86' lang='lat' dir='ltr'>nos,</span> <span class='ocrx_word' id='word_1_81' title='bbox 1227 743 1268 778; x_wconf 90' lang='lat' dir='ltr'>ut</span> <span class='ocrx_word' id='word_1_82' title='bbox 1298 740 1337 778; x_wconf 91' lang='lat' dir='ltr'>in</span> <span class='ocrx_word' id='word_1_83' title='bbox 1365 739 1621 778; x_wconf 85' lang='lat' dir='ltr'>locutionibus</span> 
     </span>
     <span class='ocr_line' id='line_1_10' title="bbox 220 806 1621 860; baseline 0.001 -14"><span class='ocrx_word' id='word_1_84' title='bbox 220 808 462 858; x_wconf 83' lang='lat' dir='ltr'>potissimum</span> <span class='ocrx_word' id='word_1_85' title='bbox 501 808 604 848; x_wconf 85' lang='lat' dir='ltr'>velut</span> <span class='ocrx_word' id='word_1_86' title='bbox 642 806 739 857; x_wconf 83' lang='grc' dir='ltr'>βατά</span> <span class='ocrx_word' id='word_1_87' title='bbox 777 808 852 846; x_wconf 80' lang='grc' dir='ltr'>ἐστι</span> <span class='ocrx_word' id='word_1_88' title='bbox 889 809 986 848; x_wconf 90' lang='lat' dir='ltr'>Xen.</span> <span class='ocrx_word' id='word_1_89' title='bbox 1016 807 1094 847; x_wconf 90' lang='lat' dir='ltr'>An.</span> <span class='ocrx_word' id='word_1_90' title='bbox 1124 809 1170 858; x_wconf 83' lang='lat'>4,</span> <span class='ocrx_word' id='word_1_91' title='bbox 1210 810 1254 858; x_wconf 89' lang='lat'>6,</span> <span class='ocrx_word' id='word_1_92' title='bbox 1298 810 1345 847; x_wconf 92' lang='lat'>17</span> <span class='ocrx_word' id='word_1_93' title='bbox 1385 809 1621 860; x_wconf 69' lang='lat' dir='ltr'>(2wegsame</span> 
     </span>
     <span class='ocr_line' id='line_1_11' title="bbox 220 877 1620 928; baseline 0 -11"><span class='ocrx_word' id='word_1_94' title='bbox 220 877 451 918; x_wconf 71' lang='lat' dir='ltr'>Streckem!</span> <span class='ocrx_word' id='word_1_95' title='bbox 489 877 728 928; x_wconf 86' lang='lat' dir='ltr'>Vollbrecht)</span> <span class='ocrx_word' id='word_1_96' title='bbox 770 877 818 917; x_wconf 88' lang='lat' dir='ltr'>de</span> <span class='ocrx_word' id='word_1_97' title='bbox 845 877 923 917; x_wconf 91' lang='lat' dir='ltr'>ullo</span> <span class='ocrx_word' id='word_1_98' title='bbox 950 878 1125 918; x_wconf 84' lang='lat' dir='ltr'>subiecto</span> <span class='ocrx_word' id='word_1_99' title='bbox 1154 878 1421 918; x_wconf 88' lang='lat' dir='ltr'>subaudiendo</span> <span class='ocrx_word' id='word_1_100' title='bbox 1449 890 1528 917; x_wconf 90' lang='lat' dir='ltr'>non</span> <span class='ocrx_word' id='word_1_101' title='bbox 1554 891 1620 917; x_wconf 86' lang='lat' dir='ltr'>eo-</span> 
     </span>
     <span class='ocr_line' id='line_1_12' title="bbox 220 947 1619 999; baseline 0.001 -12"><span class='ocrx_word' id='word_1_102' title='bbox 220 947 394 996; x_wconf 80' lang='lat' dir='ltr'>gitemus.</span> <span class='ocrx_word' id='word_1_103' title='bbox 424 947 579 998; x_wconf 85' lang='lat' dir='ltr'>Optima</span> <span class='ocrx_word' id='word_1_104' title='bbox 606 960 700 989; x_wconf 87' lang='lat' dir='ltr'>vero</span> <span class='ocrx_word' id='word_1_105' title='bbox 729 948 962 999; x_wconf 82' lang='lat' dir='ltr'>propriaque</span> <span class='ocrx_word' id='word_1_106' title='bbox 989 948 1055 987; x_wconf 85' lang='lat' dir='ltr'>lux</span> <span class='ocrx_word' id='word_1_107' title='bbox 1082 953 1247 988; x_wconf 82' lang='lat' dir='ltr'>naturae</span> <span class='ocrx_word' id='word_1_108' title='bbox 1274 948 1414 987; x_wconf 91' lang='lat' dir='ltr'>horum</span> <span class='ocrx_word' id='word_1_109' title='bbox 1443 949 1619 989; x_wconf 87' lang='lat' dir='ltr'>enuntia-</span> 
     </span>
     <span class='ocr_line' id='line_1_13' title="bbox 219 1019 1615 1068; baseline 0.001 -11"><span class='ocrx_word' id='word_1_110' title='bbox 219 1022 349 1058; x_wconf 90' lang='lat' dir='ltr'>torum</span> <span class='ocrx_word' id='word_1_111' title='bbox 377 1019 532 1067; x_wconf 84' lang='lat' dir='ltr'>affulget</span> <span class='ocrx_word' id='word_1_112' title='bbox 549 1031 598 1058; x_wconf 82' lang='lat' dir='ltr'>ex</span> <span class='ocrx_word' id='word_1_113' title='bbox 617 1019 728 1058; x_wconf 88' lang='lat' dir='ltr'>simili</span> <span class='ocrx_word' id='word_1_114' title='bbox 756 1030 895 1068; x_wconf 84' lang='lat' dir='ltr'>genere</span> <span class='ocrx_word' id='word_1_115' title='bbox 922 1019 1071 1059; x_wconf 82' lang='lat' dir='ltr'>dicendi</span> <span class='ocrx_word' id='word_1_116' title='bbox 1098 1020 1355 1059; x_wconf 83' lang='lat' dir='ltr'>recentiorum</span> <span class='ocrx_word' id='word_1_117' title='bbox 1384 1020 1615 1068; x_wconf 86' lang='lat' dir='ltr'>linguarum.</span> 
     </span>
     <span class='ocr_line' id='line_1_14' title="bbox 218 1088 1614 1140; baseline 0.001 -12"><span class='ocrx_word' id='word_1_118' title='bbox 218 1088 333 1130; x_wconf 86' lang='lat' dir='ltr'>Velut</span> <span class='ocrx_word' id='word_1_119' title='bbox 360 1089 399 1128; x_wconf 92' lang='lat' dir='ltr'>in</span> <span class='ocrx_word' id='word_1_120' title='bbox 426 1089 581 1129; x_wconf 78' lang='lat' dir='ltr'>slavieis</span> <span class='ocrx_word' id='word_1_121' title='bbox 609 1089 826 1140; x_wconf 82' lang='lat' dir='ltr'>frequentes</span> <span class='ocrx_word' id='word_1_122' title='bbox 855 1093 946 1129; x_wconf 88' lang='lat' dir='ltr'>sunt</span> <span class='ocrx_word' id='word_1_123' title='bbox 973 1089 1135 1140; x_wconf 56' lang='lat' dir='ltr'>phrases</span> <span class='ocrx_word' id='word_1_124' title='bbox 1154 1090 1369 1130; x_wconf 82' lang='lat' dir='ltr'>subiectum</span> <span class='ocrx_word' id='word_1_125' title='bbox 1388 1102 1478 1129; x_wconf 61' lang='lat' dir='ltr'>&gt;non</span> <span class='ocrx_word' id='word_1_126' title='bbox 1506 1090 1614 1130; x_wconf 84' lang='lat' dir='ltr'>exhi-</span> 
     </span>
     <span class='ocr_line' id='line_1_15' title="bbox 219 1160 1614 1210; baseline 0 -11"><span class='ocrx_word' id='word_1_127' title='bbox 219 1160 373 1209; x_wconf 85' lang='lat' dir='ltr'>bentes,</span> <span class='ocrx_word' id='word_1_128' title='bbox 412 1171 577 1209; x_wconf 84' lang='lat' dir='ltr'>quarum</span> <span class='ocrx_word' id='word_1_129' title='bbox 606 1161 746 1210; x_wconf 83' lang='lat' dir='ltr'>copula</span> <span class='ocrx_word' id='word_1_130' title='bbox 780 1164 839 1199; x_wconf 86' lang='lat' dir='ltr'>est</span> <span class='ocrx_word' id='word_1_131' title='bbox 876 1172 912 1198; x_wconf 86' lang='lat' dir='ltr'>v.</span> <span class='ocrx_word' id='word_1_132' title='bbox 940 1172 1044 1209; x_wconf 88' lang='lat' dir='ltr'>esse,</span> <span class='ocrx_word' id='word_1_133' title='bbox 1083 1160 1349 1209; x_wconf 83' lang='lat' dir='ltr'>praedicatum</span> <span class='ocrx_word' id='word_1_134' title='bbox 1386 1172 1489 1199; x_wconf 89' lang='lat' dir='ltr'>nom.</span> <span class='ocrx_word' id='word_1_135' title='bbox 1519 1161 1614 1208; x_wconf 86' lang='lat' dir='ltr'>sing.</span> 
     </span>
     <span class='ocr_line' id='line_1_16' title="bbox 219 1230 1612 1280; baseline 0.001 -10"><span class='ocrx_word' id='word_1_136' title='bbox 219 1241 302 1278; x_wconf 83' lang='lat' dir='ltr'>gen.</span> <span class='ocrx_word' id='word_1_137' title='bbox 329 1234 452 1270; x_wconf 85' lang='lat' dir='ltr'>neutr.</span> <span class='ocrx_word' id='word_1_138' title='bbox 482 1231 678 1280; x_wconf 85' lang='lat' dir='ltr'>adiectivi,</span> <span class='ocrx_word' id='word_1_139' title='bbox 708 1230 811 1280; x_wconf 89' lang='lat' dir='ltr'>quod</span> <span class='ocrx_word' id='word_1_140' title='bbox 840 1230 891 1269; x_wconf 87' lang='lat' dir='ltr'>ad</span> <span class='ocrx_word' id='word_1_141' title='bbox 918 1230 1136 1279; x_wconf 85' lang='lat' dir='ltr'>exemplum</span> <span class='ocrx_word' id='word_1_142' title='bbox 1165 1231 1496 1270; x_wconf 81' lang='lat' dir='ltr'>substantivorum</span> <span class='ocrx_word' id='word_1_143' title='bbox 1526 1232 1612 1271; x_wconf 82' lang='lat' dir='ltr'>ssec-</span> 
     </span>
     <span class='ocr_line' id='line_1_17' title="bbox 218 1299 1617 1350; baseline 0.001 -12"><span class='ocrx_word' id='word_1_144' title='bbox 218 1299 312 1339; x_wconf 86' lang='lat' dir='ltr'>titur</span> <span class='ocrx_word' id='word_1_145' title='bbox 347 1300 506 1350; x_wconf 86' lang='lat' dir='ltr'>abitque</span> <span class='ocrx_word' id='word_1_146' title='bbox 532 1300 571 1338; x_wconf 90' lang='lat' dir='ltr'>in</span> <span class='ocrx_word' id='word_1_147' title='bbox 599 1300 679 1339; x_wconf 86' lang='lat' dir='ltr'>vim</span> <span class='ocrx_word' id='word_1_148' title='bbox 716 1299 909 1339; x_wconf 83' lang='lat' dir='ltr'>adverbii:</span> <span class='ocrx_word' id='word_1_149' title='bbox 947 1299 1010 1339; x_wconf 81' lang='lat' dir='ltr'>Na</span> <span class='ocrx_word' id='word_1_150' title='bbox 1045 1300 1120 1340; x_wconf 76' lang='lat' dir='ltr'>levi</span> <span class='ocrx_word' id='word_1_151' title='bbox 1156 1301 1278 1339; x_wconf 83' lang='lat' dir='ltr'>strani</span> <span class='ocrx_word' id='word_1_152' title='bbox 1307 1300 1348 1348; x_wconf 73' lang='lat' dir='ltr'>Je</span> <span class='ocrx_word' id='word_1_153' title='bbox 1375 1300 1479 1348; x_wconf 84' lang='lat' dir='ltr'>manj</span> <span class='ocrx_word' id='word_1_154' title='bbox 1510 1300 1617 1339; x_wconf 88' lang='lat' dir='ltr'>ska-</span> 
     </span>
     <span class='ocr_line' id='line_1_18' title="bbox 218 1369 1616 1421; baseline -0.001 -12"><span class='ocrx_word' id='word_1_155' title='bbox 218 1370 393 1410; x_wconf 85' lang='lat' dir='ltr'>lovito.</span> <span class='ocrx_word' id='word_1_156' title='bbox 429 1370 513 1411; x_wconf 84' lang='lat' dir='ltr'>Tak</span> <span class='ocrx_word' id='word_1_157' title='bbox 540 1375 693 1421; x_wconf 88' lang='lat' dir='ltr'>pusto</span> <span class='ocrx_word' id='word_1_158' title='bbox 721 1383 746 1409; x_wconf 85' lang='lat' dir='ltr'>v</span> <span class='ocrx_word' id='word_1_159' title='bbox 774 1369 862 1416; x_wconf 88' lang='lat' dir='ltr'>seli;</span> <span class='ocrx_word' id='word_1_160' title='bbox 891 1371 904 1409; x_wconf 92' lang='lat' dir='ltr'>i</span> <span class='ocrx_word' id='word_1_161' title='bbox 931 1369 1191 1410; x_wconf 73' lang='lat' dir='ltr'>cholodno</span> <span class='ocrx_word' id='word_1_162' title='bbox 1219 1371 1232 1409; x_wconf 94' lang='lat' dir='ltr'>i</span> <span class='ocrx_word' id='word_1_163' title='bbox 1259 1370 1486 1410; x_wconf 72' lang='lat' dir='ltr'>hoiodno</span> <span class='ocrx_word' id='word_1_164' title='bbox 1515 1371 1527 1409; x_wconf 94' lang='lat' dir='ltr'>i</span> <span class='ocrx_word' id='word_1_165' title='bbox 1554 1371 1616 1410; x_wconf 87' lang='lat' dir='ltr'>do</span> 
     </span>
     <span class='ocr_line' id='line_1_19' title="bbox 219 1440 1617 1491; baseline 0.001 -12"><span class='ocrx_word' id='word_1_166' title='bbox 219 1440 365 1480; x_wconf 89' lang='lat' dir='ltr'>domu</span> <span class='ocrx_word' id='word_1_167' title='bbox 394 1441 587 1481; x_wconf 74' lang='lat' dir='ltr'>daleko.</span> <span class='ocrx_word' id='word_1_168' title='bbox 616 1440 679 1480; x_wconf 85' lang='lat' dir='ltr'>Na</span> <span class='ocrx_word' id='word_1_169' title='bbox 707 1441 827 1481; x_wconf 77' lang='lat' dir='ltr'>dvore</span> <span class='ocrx_word' id='word_1_170' title='bbox 854 1440 944 1491; x_wconf 83' lang='lat' dir='ltr'>hylo</span> <span class='ocrx_word' id='word_1_171' title='bbox 973 1440 1139 1480; x_wconf 66' lang='lat' dir='ltr'>iarko.</span> <span class='ocrx_word' id='word_1_172' title='bbox 1169 1440 1386 1480; x_wconf 63' lang='lat' dir='ltr'>Mraeno.</span> <span class='ocrx_word' id='word_1_173' title='bbox 1417 1440 1505 1480; x_wconf 59' lang='lat' dir='ltr'>Um</span> <span class='ocrx_word' id='word_1_174' title='bbox 1525 1453 1617 1491; x_wconf 89' lang='lat' dir='ltr'>poz-</span> 
     </span>
     <span class='ocr_line' id='line_1_20' title="bbox 219 1511 1616 1566; baseline 0 -16"><span class='ocrx_word' id='word_1_175' title='bbox 219 1512 325 1550; x_wconf 91' lang='lat' dir='ltr'>dno.</span> <span class='ocrx_word' id='word_1_176' title='bbox 353 1512 457 1551; x_wconf 89' lang='lat' dir='ltr'>Dnes</span> <span class='ocrx_word' id='word_1_177' title='bbox 471 1511 512 1566; x_wconf 84' lang='lat' dir='ltr'>je</span> <span class='ocrx_word' id='word_1_178' title='bbox 538 1513 847 1561; x_wconf 70' lang='lat' dir='ltr'>posmourno</span> <span class='ocrx_word' id='word_1_179' title='bbox 866 1523 891 1551; x_wconf 86' lang='lat' dir='ltr'><strong>a</strong></span> <span class='ocrx_word' id='word_1_180' title='bbox 910 1512 1069 1561; x_wconf 88' lang='lat' dir='ltr'>teplo;</span> <span class='ocrx_word' id='word_1_181' title='bbox 1097 1515 1179 1550; x_wconf 77' lang='lat' dir='ltr'>tam</span> <span class='ocrx_word' id='word_1_182' title='bbox 1193 1511 1271 1559; x_wconf 87' lang='lat' dir='ltr'>jest</span> <span class='ocrx_word' id='word_1_183' title='bbox 1289 1511 1480 1561; x_wconf 84' lang='lat' dir='ltr'>plytko.</span> <span class='ocrx_word' id='word_1_184' title='bbox 1506 1512 1616 1550; x_wconf 76' lang='lat' dir='ltr'>Glu—</span> 
     </span>
     <span class='ocr_line' id='line_1_21' title="bbox 217 1580 1616 1632; baseline 0.001 -13"><span class='ocrx_word' id='word_1_185' title='bbox 217 1580 310 1620; x_wconf 84' lang='lat' dir='ltr'>cho</span> <span class='ocrx_word' id='word_1_186' title='bbox 326 1581 526 1631; x_wconf 76' lang='lat' dir='ltr'>wszedzie,</span> <span class='ocrx_word' id='word_1_187' title='bbox 545 1581 739 1620; x_wconf 88' lang='lat' dir='ltr'>ciemno</span> <span class='ocrx_word' id='word_1_188' title='bbox 759 1581 958 1632; x_wconf 75' lang='lat' dir='ltr'>wszedzie.</span> <span class='ocrx_word' id='word_1_189' title='bbox 979 1581 1062 1621; x_wconf 84' lang='lat' dir='ltr'>Tak</span> <span class='ocrx_word' id='word_1_190' title='bbox 1081 1585 1240 1631; x_wconf 89' lang='lat' dir='ltr'>pusto,</span> <span class='ocrx_word' id='word_1_191' title='bbox 1261 1582 1426 1620; x_wconf 88' lang='lat' dir='ltr'>niemo</span> <span class='ocrx_word' id='word_1_192' title='bbox 1441 1581 1452 1619; x_wconf 92' lang='lat' dir='ltr'>i</span> <span class='ocrx_word' id='word_1_193' title='bbox 1467 1581 1616 1620; x_wconf 88' lang='lat' dir='ltr'>wlewo</span> 
     </span>
     <span class='ocr_line' id='line_1_22' title="bbox 217 1651 1616 1705; baseline 0 -15"><span class='ocrx_word' id='word_1_194' title='bbox 217 1652 230 1690; x_wconf 90' lang='lat' dir='ltr'>i</span> <span class='ocrx_word' id='word_1_195' title='bbox 248 1663 286 1689; x_wconf 87' lang='lat' dir='ltr'><strong>w</strong></span> <span class='ocrx_word' id='word_1_196' title='bbox 305 1663 453 1701; x_wconf 79' lang='lat' dir='ltr'>prawo.</span> <span class='ocrx_word' id='word_1_197' title='bbox 473 1651 633 1701; x_wconf 81' lang='lat' dir='ltr'>Cieplo</span> <span class='ocrx_word' id='word_1_198' title='bbox 653 1651 767 1705; x_wconf 55' lang='lat' dir='ltr'>(itast),</span> <span class='ocrx_word' id='word_1_199' title='bbox 787 1663 967 1701; x_wconf 62' lang='lat' dir='ltr'>goi-geo.</span> <span class='ocrx_word' id='word_1_200' title='bbox 986 1652 1060 1690; x_wconf 58' lang='lat' dir='ltr'>sui</span> <span class='ocrx_word' id='word_1_201' title='bbox 1079 1652 1269 1691; x_wconf 82' lang='lat' dir='ltr'>ciemno.</span> <span class='ocrx_word' id='word_1_202' title='bbox 1301 1652 1440 1702; x_wconf 78' lang='lat' dir='ltr'>Bedzie</span> <span class='ocrx_word' id='word_1_203' title='bbox 1459 1664 1495 1689; x_wconf 86' lang='lat' dir='ltr'>w</span> <span class='ocrx_word' id='word_1_204' title='bbox 1515 1664 1616 1700; x_wconf 81' lang='lat' dir='ltr'>noey</span> 
     </span>
     <span class='ocr_line' id='line_1_23' title="bbox 217 1722 1614 1771; baseline 0.001 -11"><span class='ocrx_word' id='word_1_205' title='bbox 217 1722 394 1762; x_wconf 79' lang='lat' dir='ltr'>slizko.</span> <span class='ocrx_word' id='word_1_206' title='bbox 416 1722 675 1761; x_wconf 83' lang='lat' dir='ltr'>Straszno.</span> <span class='ocrx_word' id='word_1_207' title='bbox 704 1723 855 1761; x_wconf 76' lang='lat' dir='ltr'>Germ:</span> <span class='ocrx_word' id='word_1_208' title='bbox 884 1722 943 1762; x_wconf 86' lang='lat' dir='ltr'>Da</span> <span class='ocrx_word' id='word_1_209' title='bbox 962 1723 1011 1761; x_wconf 87' lang='lat' dir='ltr'>ist</span> <span class='ocrx_word' id='word_1_210' title='bbox 1029 1734 1072 1762; x_wconf 86' lang='lat' dir='ltr'>es</span> <span class='ocrx_word' id='word_1_211' title='bbox 1090 1734 1136 1762; x_wconf 89' lang='lat' dir='ltr'>so</span> <span class='ocrx_word' id='word_1_212' title='bbox 1155 1722 1321 1771; x_wconf 85' lang='lat' dir='ltr'>duftig</span> <span class='ocrx_word' id='word_1_213' title='bbox 1350 1722 1429 1762; x_wconf 90' lang='lat' dir='ltr'>und</span> <span class='ocrx_word' id='word_1_214' title='bbox 1449 1734 1614 1761; x_wconf 83' lang='lat' dir='ltr'>warm.</span> 
     </span>
     <span class='ocr_line' id='line_1_24' title="bbox 217 1792 1617 1841; baseline 0 -10"><span class='ocrx_word' id='word_1_215' title='bbox 217 1793 407 1841; x_wconf 87' lang='lat' dir='ltr'>Nirgends</span> <span class='ocrx_word' id='word_1_216' title='bbox 435 1793 551 1831; x_wconf 79' lang='lat' dir='ltr'>war&#39;s</span> <span class='ocrx_word' id='word_1_217' title='bbox 579 1792 810 1841; x_wconf 85' lang='lat' dir='ltr'>geheuer.</span> <span class='ocrx_word' id='word_1_218' title='bbox 841 1794 903 1832; x_wconf 87' lang='lat' dir='ltr'>So</span> <span class='ocrx_word' id='word_1_219' title='bbox 922 1793 1030 1832; x_wconf 83' lang='lat' dir='ltr'>kalt</span> <span class='ocrx_word' id='word_1_220' title='bbox 1058 1793 1138 1832; x_wconf 90' lang='lat' dir='ltr'>und</span> <span class='ocrx_word' id='word_1_221' title='bbox 1167 1793 1329 1832; x_wconf 83' lang='lat' dir='ltr'>frisch</span> <span class='ocrx_word' id='word_1_222' title='bbox 1349 1805 1391 1833; x_wconf 88' lang='lat' dir='ltr'>es</span> <span class='ocrx_word' id='word_1_223' title='bbox 1409 1793 1468 1832; x_wconf 87' lang='lat' dir='ltr'>ist.</span> <span class='ocrx_word' id='word_1_224' title='bbox 1499 1793 1617 1831; x_wconf 87' lang='lat' dir='ltr'>Esist</span> 
     </span>
     <span class='ocr_line' id='line_1_25' title="bbox 217 1863 1616 1914; baseline 0 -12"><span class='ocrx_word' id='word_1_225' title='bbox 217 1875 261 1903; x_wconf 92' lang='lat' dir='ltr'>so</span> <span class='ocrx_word' id='word_1_226' title='bbox 281 1863 392 1902; x_wconf 87' lang='lat' dir='ltr'>still</span> <span class='ocrx_word' id='word_1_227' title='bbox 411 1863 489 1903; x_wconf 91' lang='lat' dir='ltr'>und</span> <span class='ocrx_word' id='word_1_228' title='bbox 509 1863 708 1904; x_wconf 87' lang='lat' dir='ltr'>dunkel.</span> <span class='ocrx_word' id='word_1_229' title='bbox 728 1864 824 1903; x_wconf 90' lang='lat' dir='ltr'>Zum</span> <span class='ocrx_word' id='word_1_230' title='bbox 846 1863 945 1903; x_wconf 80' lang='lat' dir='ltr'>Biihl</span> <span class='ocrx_word' id='word_1_231' title='bbox 963 1863 1043 1902; x_wconf 85' lang='lat' dir='ltr'>ist&#39;s</span> <span class='ocrx_word' id='word_1_232' title='bbox 1062 1863 1163 1902; x_wconf 86' lang='lat' dir='ltr'>noch</span> <span class='ocrx_word' id='word_1_233' title='bbox 1183 1863 1399 1904; x_wconf 85' lang='lat' dir='ltr'>trocken.</span> <span class='ocrx_word' id='word_1_234' title='bbox 1420 1863 1533 1914; x_wconf 88' lang='lat' dir='ltr'>(Vide</span> <span class='ocrx_word' id='word_1_235' title='bbox 1547 1863 1616 1902; x_wconf 86' lang='lat' dir='ltr'>Mi·</span> 
     </span>
     <span class='ocr_line' id='line_1_26' title="bbox 216 1934 1616 1984; baseline 0 -11"><span class='ocrx_word' id='word_1_236' title='bbox 216 1934 375 1984; x_wconf 83' lang='lat' dir='ltr'>klosich‚</span> <span class='ocrx_word' id='word_1_237' title='bbox 393 1934 487 1974; x_wconf 87' lang='lat' dir='ltr'>Sub.</span> <span class='ocrx_word' id='word_1_238' title='bbox 508 1935 546 1974; x_wconf 78' lang='lat' dir='ltr'>S.</span> <span class='ocrx_word' id='word_1_239' title='bbox 565 1947 602 1984; x_wconf 90' lang='lat' dir='ltr'>p.</span> <span class='ocrx_word' id='word_1_240' title='bbox 623 1935 813 1983; x_wconf 77' lang='lat'>64-66).</span> <span class='ocrx_word' id='word_1_241' title='bbox 843 1934 1041 1984; x_wconf 86' lang='lat' dir='ltr'>Omnibus,</span> <span class='ocrx_word' id='word_1_242' title='bbox 1062 1946 1164 1984; x_wconf 86' lang='lat' dir='ltr'>quae</span> <span class='ocrx_word' id='word_1_243' title='bbox 1184 1934 1313 1974; x_wconf 84' lang='lat' dir='ltr'>adhuc</span> <span class='ocrx_word' id='word_1_244' title='bbox 1331 1935 1510 1984; x_wconf 88' lang='lat' dir='ltr'>diximus,</span> <span class='ocrx_word' id='word_1_245' title='bbox 1530 1946 1616 1984; x_wconf 88' lang='lat' dir='ltr'>per-</span> 
     </span>
     <span class='ocr_line' id='line_1_27' title="bbox 216 2005 1616 2055; baseline -0.001 -11"><span class='ocrx_word' id='word_1_246' title='bbox 216 2005 345 2054; x_wconf 82' lang='lat' dir='ltr'>pensis</span> <span class='ocrx_word' id='word_1_247' title='bbox 365 2005 465 2044; x_wconf 86' lang='lat' dir='ltr'>ratio</span> <span class='ocrx_word' id='word_1_248' title='bbox 484 2005 699 2054; x_wconf 71' lang='lat' dir='ltr'>syntactioa</span> <span class='ocrx_word' id='word_1_249' title='bbox 718 2008 881 2045; x_wconf 85' lang='lat' dir='ltr'>neutr.</span> <span class='ocrx_word' id='word_1_250' title='bbox 901 2005 1084 2045; x_wconf 82' lang='lat' dir='ltr'>adiect.</span> <span class='ocrx_word' id='word_1_251' title='bbox 1105 2006 1266 2055; x_wconf 78' lang='lat' dir='ltr'>graeci</span> <span class='ocrx_word' id='word_1_252' title='bbox 1287 2006 1326 2045; x_wconf 86' lang='lat' dir='ltr'>in</span> <span class='ocrx_word' id='word_1_253' title='bbox 1344 2005 1616 2045; x_wconf 79' lang='lat' dir='ltr'>enuntiationi-</span> 
     </span>
     <span class='ocr_line' id='line_1_28' title="bbox 215 2075 1611 2131; baseline 0 -18"><span class='ocrx_word' id='word_1_254' title='bbox 215 2075 290 2114; x_wconf 88' lang='lat' dir='ltr'>bus</span> <span class='ocrx_word' id='word_1_255' title='bbox 309 2075 481 2131; x_wconf 82' lang='lat' dir='ltr'>subieeto</span> <span class='ocrx_word' id='word_1_256' title='bbox 501 2075 661 2125; x_wconf 73' lang='lat' dir='ltr'>privatis</span> <span class='ocrx_word' id='word_1_257' title='bbox 675 2075 751 2115; x_wconf 86' lang='lat' dir='ltr'>hoc</span> <span class='ocrx_word' id='word_1_258' title='bbox 766 2076 882 2115; x_wconf 91' lang='lat' dir='ltr'>modo</span> <span class='ocrx_word' id='word_1_259' title='bbox 896 2076 1046 2116; x_wconf 89' lang='lat' dir='ltr'>definiri</span> <span class='ocrx_word' id='word_1_260' title='bbox 1061 2080 1205 2126; x_wconf 58' lang='lat' dir='ltr'>potest:</span> <span class='ocrx_word' id='word_1_261' title='bbox 1225 2076 1497 2115; x_wconf 83' lang='lat' dir='ltr'>Nominativus</span> <span class='ocrx_word' id='word_1_262' title='bbox 1516 2076 1611 2123; x_wconf 87' lang='lat' dir='ltr'>sing.</span> 
     </span>
     <span class='ocr_line' id='line_1_29' title="bbox 215 2146 1611 2196; baseline -0.001 -11"><span class='ocrx_word' id='word_1_263' title='bbox 215 2146 351 2186; x_wconf 83' lang='lat' dir='ltr'>adiect.</span> <span class='ocrx_word' id='word_1_264' title='bbox 381 2146 556 2186; x_wconf 84' lang='lat' dir='ltr'>neutrius</span> <span class='ocrx_word' id='word_1_265' title='bbox 583 2158 677 2195; x_wconf 74' lang='lat' dir='ltr'>gen,</span> <span class='ocrx_word' id='word_1_266' title='bbox 711 2147 744 2186; x_wconf 92' lang='lat' dir='ltr'>si</span> <span class='ocrx_word' id='word_1_267' title='bbox 771 2157 889 2186; x_wconf 85' lang='lat' dir='ltr'>sensu</span> <span class='ocrx_word' id='word_1_268' title='bbox 916 2147 1128 2196; x_wconf 84' lang='lat' dir='ltr'>praedicati</span> <span class='ocrx_word' id='word_1_269' title='bbox 1155 2159 1245 2186; x_wconf 82' lang='lat' dir='ltr'>cum</span> <span class='ocrx_word' id='word_1_270' title='bbox 1282 2147 1404 2186; x_wconf 89' lang='lat' dir='ltr'>verbo</span> <span class='ocrx_word' id='word_1_271' title='bbox 1430 2146 1611 2185; x_wconf 84' lang='lat' dir='ltr'>substan-</span> 
     </span>
     <span class='ocr_line' id='line_1_30' title="bbox 216 2216 1608 2269; baseline -0.001 -14"><span class='ocrx_word' id='word_1_272' title='bbox 216 2216 295 2269; x_wconf 83' lang='lat' dir='ltr'>tivo</span> <span class='ocrx_word' id='word_1_273' title='bbox 323 2216 503 2266; x_wconf 85' lang='lat' dir='ltr'>sociatur,</span> <span class='ocrx_word' id='word_1_274' title='bbox 529 2216 661 2256; x_wconf 77' lang='lat' dir='ltr'>babet</span> <span class='ocrx_word' id='word_1_275' title='bbox 687 2216 766 2255; x_wconf 89' lang='lat' dir='ltr'>vim</span> <span class='ocrx_word' id='word_1_276' title='bbox 795 2216 970 2256; x_wconf 83' lang='lat' dir='ltr'>adverbii</span> <span class='ocrx_word' id='word_1_277' title='bbox 996 2228 1120 2267; x_wconf 85' lang='lat' dir='ltr'>aeque</span> <span class='ocrx_word' id='word_1_278' title='bbox 1147 2228 1195 2256; x_wconf 82' lang='lat' dir='ltr'>ac</span> <span class='ocrx_word' id='word_1_279' title='bbox 1223 2217 1262 2256; x_wconf 90' lang='lat' dir='ltr'>in</span> <span class='ocrx_word' id='word_1_280' title='bbox 1290 2216 1427 2265; x_wconf 82' lang='lat' dir='ltr'>linguis</span> <span class='ocrx_word' id='word_1_281' title='bbox 1455 2216 1608 2255; x_wconf 80' lang='lat' dir='ltr'>slavicis</span> 
     </span>
     <span class='ocr_line' id='line_1_31' title="bbox 215 2286 1611 2339; baseline -0.001 -12"><span class='ocrx_word' id='word_1_282' title='bbox 215 2290 255 2327; x_wconf 88' lang='lat' dir='ltr'>et</span> <span class='ocrx_word' id='word_1_283' title='bbox 296 2299 414 2336; x_wconf 80' lang='lat' dir='ltr'>germ.</span> <span class='ocrx_word' id='word_1_284' title='bbox 458 2286 650 2337; x_wconf 86' lang='lat' dir='ltr'>efficitque</span> <span class='ocrx_word' id='word_1_285' title='bbox 690 2287 904 2339; x_wconf 82' lang='lat' dir='ltr'>locutiones</span> <span class='ocrx_word' id='word_1_286' title='bbox 945 2287 1119 2328; x_wconf 82' lang='lat' dir='ltr'>subiecto</span> <span class='ocrx_word' id='word_1_287' title='bbox 1162 2287 1384 2335; x_wconf 53' lang='lat' dir='ltr'>destitutam</span> <span class='ocrx_word' id='word_1_288' title='bbox 1431 2286 1611 2337; x_wconf 88' lang='lat' dir='ltr'>proprius</span> 
     </span>
     <span class='ocr_line' id='line_1_32' title="bbox 215 2357 1611 2407; baseline -0.001 -11"><span class='ocrx_word' id='word_1_289' title='bbox 215 2362 347 2397; x_wconf 90' lang='lat' dir='ltr'>autem</span> <span class='ocrx_word' id='word_1_290' title='bbox 384 2361 424 2397; x_wconf 87' lang='lat' dir='ltr'>et</span> <span class='ocrx_word' id='word_1_291' title='bbox 458 2357 660 2407; x_wconf 81' lang='lat' dir='ltr'>peculiaris</span> <span class='ocrx_word' id='word_1_292' title='bbox 697 2361 757 2396; x_wconf 83' lang='lat' dir='ltr'>est</span> <span class='ocrx_word' id='word_1_293' title='bbox 794 2357 983 2397; x_wconf 82' lang='lat' dir='ltr'>sermonis</span> <span class='ocrx_word' id='word_1_294' title='bbox 1020 2358 1146 2404; x_wconf 82' lang='lat' dir='ltr'>graeci</span> <span class='ocrx_word' id='word_1_295' title='bbox 1181 2357 1444 2395; x_wconf 83' lang='lat' dir='ltr'>nominativus</span> <span class='ocrx_word' id='word_1_296' title='bbox 1472 2357 1611 2405; x_wconf 88' lang='lat' dir='ltr'>plural.</span> 
     </span>
     <span class='ocr_line' id='line_1_33' title="bbox 213 2426 1608 2477; baseline -0.001 -11"><span class='ocrx_word' id='word_1_297' title='bbox 213 2432 339 2467; x_wconf 88' lang='lat' dir='ltr'>neutr.</span> <span class='ocrx_word' id='word_1_298' title='bbox 369 2427 507 2469; x_wconf 85' lang='lat' dir='ltr'>adiect.</span> <span class='ocrx_word' id='word_1_299' title='bbox 536 2428 672 2468; x_wconf 87' lang='lat' dir='ltr'>eadem</span> <span class='ocrx_word' id='word_1_300' title='bbox 700 2427 993 2477; x_wconf 80' lang='lat' dir='ltr'>significatione,</span> <span class='ocrx_word' id='word_1_301' title='bbox 1030 2439 1109 2477; x_wconf 88' lang='lat' dir='ltr'>qua</span> <span class='ocrx_word' id='word_1_302' title='bbox 1136 2438 1243 2466; x_wconf 88' lang='lat' dir='ltr'>nom.</span> <span class='ocrx_word' id='word_1_303' title='bbox 1272 2427 1366 2475; x_wconf 85' lang='lat' dir='ltr'>sign.</span> <span class='ocrx_word' id='word_1_304' title='bbox 1396 2426 1608 2466; x_wconf 86' lang='lat' dir='ltr'>adhibitus.</span> 
     </span>
     <span class='ocr_line' id='line_1_34' title="bbox 214 2497 1609 2548; baseline -0.001 -11"><span class='ocrx_word' id='word_1_305' title='bbox 214 2497 360 2538; x_wconf 84' lang='lat' dir='ltr'>Contra</span> <span class='ocrx_word' id='word_1_306' title='bbox 387 2498 488 2538; x_wconf 85' lang='lat' dir='ltr'>idem</span> <span class='ocrx_word' id='word_1_307' title='bbox 517 2502 696 2539; x_wconf 84' lang='lat' dir='ltr'>neutrum</span> <span class='ocrx_word' id='word_1_308' title='bbox 723 2498 860 2538; x_wconf 85' lang='lat' dir='ltr'>adiect.</span> <span class='ocrx_word' id='word_1_309' title='bbox 890 2500 989 2548; x_wconf 88' lang='lat' dir='ltr'>tum,</span> <span class='ocrx_word' id='word_1_310' title='bbox 1025 2509 1114 2537; x_wconf 81' lang='lat' dir='ltr'>cum</span> <span class='ocrx_word' id='word_1_311' title='bbox 1143 2509 1260 2537; x_wconf 85' lang='lat' dir='ltr'>sensu</span> <span class='ocrx_word' id='word_1_312' title='bbox 1288 2497 1501 2548; x_wconf 81' lang='lat' dir='ltr'>praedicati</span> <span class='ocrx_word' id='word_1_313' title='bbox 1529 2508 1609 2536; x_wconf 90' lang='lat' dir='ltr'>non</span> 
     </span>
    </p>
   </div>
  </div>
 </body>
</html>
