1836 2828
775 136 1046 177 ..43-

342 267 385 318 h)
412 266 616 305 ἐπέσταλτο
643 269 686 304 ἐκ.
711 278 825 314 τινος,
867 264 932 304 vn
959 264 1061 314 223,
1099 265 1125 303 3
1153 264 1214 302 καὶ
1241 263 1312 317 γὰρ
1340 263 1544 302 ἐπέσταλτο
1573 263 1615 313 ἐξ

213 337 419 377 Ἐπιάλτεω
446 336 555 385 οἵη-ω,
585 336 634 375 Vl
663 335 728 384 97,
757 335 894 374 9—10
920 335 981 372 καί
1007 347 1066 387 μοι
1085 334 1128 372 ἐκ
1146 333 1308 384 βασιλέος
1335 328 1408 372 ὧδε
1436 334 1613 372 ἑπέσταλ·

209 422 282 457 ται,
312 408 349 446 ὲν
365 411 415 461 τῇ
433 405 534 461 χώρῃ
554 408 595 444 οἱ
620 400 685 444 δύο
712 404 796 444 &eoi
823 403 1001 459 ἐγένοντο,
1028 403 1167 458 ταύτην
1196 397 1308 457 μηδὲν
1334 403 1497 443 σίνεσᾶκι
1525 405 1608 454 (inf.

217 479 398 530 ermes->-

323 545 592 591 'Adnotatio
617 545 652 590 1.
683 548 795 587 Nunc
822 549 976 597 oportet
994 547 1032 585 in
1053 545 1221 587 medium
1241 546 1485 596 proferamus
1503 546 1612 585 locu-

211 620 337 659 tiones
365 618 616 670 Herodoteas,
647 628 750 669 quae
767 606 819 658 eb
847 617 923 656 hoc
950 627 1090 665 genere
1116 617 1406 656 enuntiatorum
1436 617 1613 656 subiecto

215 690 431 731 carentium
459 689 720 739 seiungendae
746 692 860 729 sunt:

343 761 387 811 a)
413 760 429 799 1
454 761 518 806 80,
547 759 710 799 22—23
737 761 850 798 αὐπῦ
877 752 922 812 δὴ
948 754 997 796 ὧν
1023 758 1155 796 τούτου
1185 759 1315 797 εἵνεκεν
1343 758 1611 812 ἐσεσόφιστο

207 834 266 870 ἵνα
292 838 349 881 τῷ
376 830 518 886 Κροίσῳ
546 829 727 885 ἄχρηστον
748 827 771 884 ᾗ
791 830 836 868 τὸ
863 829 1005 868 ἱππικόν
1034 830 1176 880 (agitur
1202 829 1251 870 de
1279 830 1368 869 dolo
1395 833 1513 880 atque
1540 830 1610 869 fal-

208 902 326 951 laciis,
354 901 495 951 quibus
523 912 617 940 usus
645 905 704 940 est
732 900 857 951 Cyrus
892 904 1033 939 contra
1060 899 1194 940 Croesi
1222 900 1462 950 equitatum).
1511 898 1611 938 Ἐσε-

208 972 352 1025 σόφιστο
381 970 526 1025 (Κῦρος)
554 972 676 1011 valet:
715 975 842 1010 astute
869 971 945 1019 egit
973 972 1024 1020 (v.
1052 971 1179 1020 Eurip.
1209 970 1289 1020 Iph.
1320 971 1364 1010 A.
1393 972 1474 1010 744
1513 972 1610 1024 σοφί-

208 1042 314 1095 ζομαι
333 1036 373 1080 δὲ
401 1042 491 1080 κάπὶ
516 1047 607 1080 τοῖσι
633 1040 816 1095 φιλτάτοις
840 1039 846 1093 Ι
870 1040 1002 1094 τέχνας
1028 1039 1160 1094 πορίζω
1188 1041 1294 1090 κτὲ.),
1325 1052 1425 1080 non:
1455 1042 1607 1090 excogi-

206 1113 304 1153 tavit
332 1116 401 1163 (sc.
430 1112 571 1164 τοῦτο),
600 1115 644 1152 ut
662 1124 797 1152 vocem
825 1111 928 1151 hanc
956 1112 1230 1162 interpretatur
1257 1112 1486 1162 Schweigh„
1515 1113 1603 1153 Lex.

207 1195 238 1222 s.
269 1195 316 1232 v.,
344 1183 470 1232 Cyrus
499 1183 601 1223 enim
629 1184 712 1232 ipse
738 1182 938 1221 consilium
959 1182 1051 1221 illud
1070 1193 1150 1221 non
1168 1182 1261 1231 iniit,
1289 1183 1356 1221 sed
1376 1182 1415 1221 id
1438 1186 1605 1221 tantum,

207 1253 312 1302 quod
348 1253 554 1303 Harpagus
591 1252 867 1302 proposuerat,
901 1252 1058 1302 perfecit
1096 1253 1147 1301 (v,
1176 1252 1264 1291 ibid.
1294 1264 1329 1290 v.
1358 1253 1384 1290 8
1421 1251 1537 1305 Κῦρος
1571 1271 1606 1283 ω

206 1323 347 1376 ἐποίησε
376 1320 560 1376 Ἀρπάγου
588 1321 816 1375 ὑποθεμένου
832 1351 841 1360 .
859 1351 868 1359 .
884 1320 1058 1372 τοιόνδε).
1089 1321 1253 1370 Illasigni
1282 1322 1462 1361 ficatione
1489 1322 1604 1361 simul

205 1394 281 1432 hoc
307 1393 590 1443 consequimur,
617 1396 663 1431 ut
690 1393 731 1431 in
755 1403 843 1442 cap.
873 1393 927 1431 80
958 1404 994 1431 ν.
1023 1392 1159 1431 9-23
1187 1403 1323 1432 omnes
1350 1393 1523 1432 actiones
1551 1391 1603 1432 ad

205 1464 371 1513 Cyrum,
418 1463 484 1513 qui
520 1467 580 1502 est
617 1463 723 1502 velut
757 1463 877 1502 cardo
913 1464 1033 1502 totius
1074 1463 1328 1511 narrationis,
1374 1463 1603 1502 referantur.

206 1533 316 1581 Quae
354 1545 445 1573 cum
472 1533 526 1573 ita
553 1534 648 1583 sint,
686 1544 736 1573 ne
763 1534 845 1573 veri
871 1533 1026 1583 quidem
1055 1532 1189 1572 similis
1216 1530 1378 1573 videtur
1398 1533 1491 1573 mihi
1518 1534 1604 1574 oeSe

203 1604 470 1654 interpretatio
500 1605 633 1644 Steinii
666 1616 730 1644 »es
758 1604 808 1656 (P)
835 1616 921 1644 war
947 1604 1249 1653 ausgeklugelt‹.

333 1759 437 1792 tiente
468 1760 668 1802 Gomperzio
699 1763 733 1793 et
761 1760 938 1800 Gemollio,
969 1760 1207 1792 Wochenschr.
1231 1761 1286 1792 ssu·
1316 1760 1362 1792 kl.
1387 1759 1470 1793 Phil.
1504 1761 1597 1794 1887.

332 1818 394 1851 No.
418 1818 470 1859 24,
494 1819 556 1852 col.
581 1819 658 1862 741)
681 1818 722 1856 ὧς
743 1818 775 1851 δὲ
798 1818 854 1862 ἄρα
875 1819 1090 1862 παρεσκεύαστο
1112 1820 1187 1850 τοῖσι
1201 1817 1329 1860 Ἕλλησι
1351 1819 1491 1861 prorsus
1513 1830 1592 1853 oon-

331 1877 504 1911 venienter
525 1878 604 1911 usui
625 1878 786 1920 loquendi
815 1887 937 1920 graeco
967 1877 1013 1921 (V.
1036 1877 1141 1911 Thuc.
1167 1878 1178 1910 ί
1201 1877 1254 1914 48.
1280 1878 1297 1910 1
1321 1877 1417 1920 ἐπειδὴ
1451 1877 1483 1910 δὲ
1505 1888 1593 1922 παρε-

332 1938 473 1970 σκεύαστο
489 1939 548 1976 τοῖς
563 1938 734 1983 Κορινθίοις,
757 1939 868 1979 11122,
892 1938 921 1972 1.
946 1939 1019 1980 107,
1042 1939 1072 1973 4.
1098 1938 1207 1979 1V-67,
1233 1939 1263 1972 1.
1287 1939 1342 1972 VII
1358 1939 1409 1980 75,
1435 1939 1475 1983 l).
1501 1940 1596 1974 Hanc

330 2001 442 2030 tamen
460 1999 679 2031 mutationem
703 1998 960 2040 improbandam
983 2008 1059 2030 esse
1082 2008 1284 2039 persuasum
1306 1999 1426 2031 habeo.
1450 2000 1536 2032 Nam
1560 2001 1594 2031 si

330 2068 366 2091 re
386 2068 477 2097 vera,
502 2061 539 2092 ut
560 2057 752 2100 suspicatur
775 2057 950 2101 Gomperz,
974 2057 1143 2100 glossema
1165 2056 1396 2101 παρεσκωᾶιδατο
1412 2058 1593 2092 intextum

330 2117 498 2150 insertum
528 2118 653 2154 effecit,
688 2121 725 2151 ut
747 2118 929 2160 vestigium
959 2118 1123 2159 pristinae
1153 2108 1417 2151 constructionis
1445 2119 1598 2151 subiecto

331 2176 483 2219 privatae
513 2176 689 2218 deleretur,
721 2187 789 2219 quo
812 2180 921 2220 pacto,
953 2177 1091 2219 quaeso,
1125 2175 1263 2211 dativus
1285 2178 1358 2209 roza
1380 2175 1506 2219 Ἕλλησι
1528 2188 1597 2211 non

331 2239 480 2268 mutatus
495 2239 548 2269 est
563 2237 598 2268 in
612 2237 739 2269 nomin.
757 2237 784 2268 οἱ
798 2236 943 2278 Ἕλληνες
957 2237 1014 2276 ita,
1037 2240 1076 2269 ut
1098 2237 1301 2269 scriberetur
1322 2236 1362 2272 ὡς
1377 2235 1409 2267 δὲ
1431 2236 1487 2278 ἄρα
1510 2248 1597 2279 παρε-

330 2292 488 2326 σκευάδατο
510 2293 538 2326 οἱ
558 2293 725 2337 'munst
746 2295 991 2338 Reponendum
1014 2294 1135 2338 opinor
1156 2292 1198 2336 ὡς
1219 2293 1250 2326 δὲ
1274 2292 1334 2338 ἄρα
1360 2303 1406 2341 <
1429 2294 1521 2328 πάντα
1547 2305 1592 2341 >

327 2354 558 2400 παρεσκευάδατο
573 2358 646 2388 τοῖσι
661 2355 797 2398 Ἕλλησι.
821 2357 933 2390 Facile
953 2356 1112 2388 librarius
1135 2357 1178 2389 ab
1196 2355 1251 2399 ἄρα
1269 2357 1420 2398 neglecto
1443 2355 1537 2388 πάντα
1550 2357 1596 2389 ad

326 2426 427 2460 παρεσ.
457 2415 566 2450 oculis
595 2415 753 2450 aberrare
783 2415 900 2459 potuit.
939 2416 987 2450 cf.
1019 2416 1140 2450 Herod.
1164 2416 1203 2451 1v
1228 2416 1280 2458 83,
1311 2416 1342 2450 8.
1379 2415 1529 2460 Thucyd.
1553 2417 1596 2450 111

329 2476 400 2517 102,
425 2477 443 2510 1
469 2475 570 2519 (nima
592 2476 824 2521 παρεσκεύαστο).
848 2477 940 2510 Haec
962 2485 1096 2519 quoque
1120 2477 1204 2511 ratio
1228 2477 1430 2511 emendandi
1453 2477 1593 2511 Reiskio

326 2546 361 2569 m
383 2539 531 2570 mentem
555 2537 657 2570 venit.
