<?xml version="1.0" encoding="UTF-8"?>
<!DOCTYPE html PUBLIC "-//W3C//DTD XHTML 1.0 Transitional//EN"
    "http://www.w3.org/TR/xhtml1/DTD/xhtml1-transitional.dtd">
<html xmlns="http://www.w3.org/1999/xhtml" xml:lang="en" lang="en">
 <head>
  <title>
</title>
<meta http-equiv="Content-Type" content="text/html;charset=utf-8" />
  <meta name='ocr-system' content='tesseract 3.04.00' />
  <meta name='ocr-capabilities' content='ocr_page ocr_carea ocr_par ocr_line ocrx_word'/>
</head>
<body>
  <div class='ocr_page' id='page_1' title='image "4737892_0056.png"; bbox 0 0 1836 2828; ppageno 0'>
   <div class='ocr_carea' id='block_1_1' title="bbox 778 142 1053 182">
    <p class='ocr_par' dir='ltr' id='par_1_1' title="bbox 778 142 1053 182">
     <span class='ocr_line' id='line_1_1' title="bbox 778 142 1053 182; baseline 0 -10"><span class='ocrx_word' id='word_1_1' title='bbox 778 142 1053 182; x_wconf 70' lang='lat'>-44-</span> 
     </span>
    </p>
   </div>
   <div class='ocr_carea' id='block_1_2' title="bbox 213 269 1625 2516">
    <p class='ocr_par' dir='ltr' id='par_1_2' title="bbox 216 269 1622 604">
     <span class='ocr_line' id='line_1_2' title="bbox 348 269 1619 326; baseline 0.001 -17"><span class='ocrx_word' id='word_1_2' title='bbox 348 270 385 320; x_wconf 80' lang='lat' dir='ltr'>b)</span> <span class='ocrx_word' id='word_1_3' title='bbox 415 272 444 312; x_wconf 70' lang='grc' dir='ltr'>Ι,</span> <span class='ocrx_word' id='word_1_4' title='bbox 461 271 549 321; x_wconf 85' lang='grc'>185,</span> <span class='ocrx_word' id='word_1_5' title='bbox 589 270 642 310; x_wconf 82' lang='grc'>25</span> <span class='ocrx_word' id='word_1_6' title='bbox 669 282 726 321; x_wconf 85' lang='lat' dir='ltr'>sq.</span> <span class='ocrx_word' id='word_1_7' title='bbox 755 270 874 310; x_wconf 80' lang='grc' dir='ltr'>ἐπείτε</span> <span class='ocrx_word' id='word_1_8' title='bbox 902 269 943 322; x_wconf 69' lang='grc' dir='ltr'>δέ</span> <span class='ocrx_word' id='word_1_9' title='bbox 971 273 1003 309; x_wconf 89' lang='grc' dir='ltr'>οἱ</span> <span class='ocrx_word' id='word_1_10' title='bbox 1030 270 1223 326; x_wconf 73' lang='grc' dir='ltr'><strong>ὀρώρυκτο,</strong></span> <span class='ocrx_word' id='word_1_11' title='bbox 1252 271 1380 317; x_wconf 61' lang='grc' dir='ltr'>λίθους</span> <span class='ocrx_word' id='word_1_12' title='bbox 1408 270 1619 326; x_wconf 80' lang='grc' dir='ltr'><strong>ἀγαγομένη</strong></span> 
     </span>
     <span class='ocr_line' id='line_1_3' title="bbox 216 336 1621 396; baseline 0.001 -16"><span class='ocrx_word' id='word_1_13' title='bbox 216 336 373 396; x_wconf 61' lang='grc' dir='ltr'>κρηπῖδα</span> <span class='ocrx_word' id='word_1_14' title='bbox 409 342 534 391; x_wconf 86' lang='grc' dir='ltr'>κύκλῳ</span> <span class='ocrx_word' id='word_1_15' title='bbox 572 343 651 395; x_wconf 79' lang='grc' dir='ltr'>περὶ</span> <span class='ocrx_word' id='word_1_16' title='bbox 679 341 793 395; x_wconf 80' lang='grc' dir='ltr'>αὐτὴν</span> <span class='ocrx_word' id='word_1_17' title='bbox 820 343 885 392; x_wconf 84' lang='lat' dir='ltr'>(sc.</span> <span class='ocrx_word' id='word_1_18' title='bbox 913 342 1055 395; x_wconf 79' lang='grc' dir='ltr'>λίμνην)</span> <span class='ocrx_word' id='word_1_19' title='bbox 1083 341 1209 395; x_wconf 80' lang='grc' dir='ltr'>ἤλασε.</span> <span class='ocrx_word' id='word_1_20' title='bbox 1253 343 1310 381; x_wconf 86' lang='lat' dir='ltr'>Ex</span> <span class='ocrx_word' id='word_1_21' title='bbox 1337 355 1375 381; x_wconf 83' lang='lat' dir='ltr'>v.</span> <span class='ocrx_word' id='word_1_22' title='bbox 1405 344 1460 382; x_wconf 81' lang='lat'>20</span> <span class='ocrx_word' id='word_1_23' title='bbox 1486 343 1621 395; x_wconf 62' lang='grc' dir='ltr'>ὤρυσσε</span> 
     </span>
     <span class='ocr_line' id='line_1_4' title="bbox 218 411 1621 466; baseline 0 -15"><span class='ocrx_word' id='word_1_24' title='bbox 218 414 365 466; x_wconf 69' lang='grc' dir='ltr'>ἔλυτρον</span> <span class='ocrx_word' id='word_1_25' title='bbox 401 412 507 466; x_wconf 81' lang='grc' dir='ltr'><strong>λίμνῃ</strong></span> <span class='ocrx_word' id='word_1_26' title='bbox 545 411 810 452; x_wconf 80' lang='lat' dir='ltr'>revocandum</span> <span class='ocrx_word' id='word_1_27' title='bbox 847 415 906 452; x_wconf 83' lang='lat' dir='ltr'>est</span> <span class='ocrx_word' id='word_1_28' title='bbox 940 411 992 451; x_wconf 80' lang='lat' dir='ltr'>ad</span> <span class='ocrx_word' id='word_1_29' title='bbox 1020 411 1201 465; x_wconf 77' lang='grc' dir='ltr'><strong>ὀρώρυκτο</strong></span> <span class='ocrx_word' id='word_1_30' title='bbox 1228 411 1446 452; x_wconf 85' lang='lat' dir='ltr'>subiectum</span> <span class='ocrx_word' id='word_1_31' title='bbox 1475 411 1621 466; x_wconf 68' lang='grc' dir='ltr'>ἔλυτρον</span> 
     </span>
     <span class='ocr_line' id='line_1_5' title="bbox 216 482 1622 536; baseline 0.002 -16"><span class='ocrx_word' id='word_1_32' title='bbox 216 483 334 536; x_wconf 83' lang='grc' dir='ltr'>λίμνῃ.</span> <span class='ocrx_word' id='word_1_33' title='bbox 365 483 493 522; x_wconf 90' lang='lat' dir='ltr'>Minus</span> <span class='ocrx_word' id='word_1_34' title='bbox 522 483 680 522; x_wconf 82' lang='lat' dir='ltr'>feliciter</span> <span class='ocrx_word' id='word_1_35' title='bbox 707 483 848 521; x_wconf 88' lang='lat' dir='ltr'>conicit</span> <span class='ocrx_word' id='word_1_36' title='bbox 877 484 1047 531; x_wconf 83' lang='lat' dir='ltr'>Krueger</span> <span class='ocrx_word' id='word_1_37' title='bbox 1077 484 1128 532; x_wconf 88' lang='lat' dir='ltr'>(a.</span> <span class='ocrx_word' id='word_1_38' title='bbox 1158 483 1196 521; x_wconf 91' lang='lat' dir='ltr'>h.</span> <span class='ocrx_word' id='word_1_39' title='bbox 1225 483 1265 533; x_wconf 90' lang='lat' dir='ltr'>l.)</span> <span class='ocrx_word' id='word_1_40' title='bbox 1298 482 1479 536; x_wconf 77' lang='grc' dir='ltr'>ὀρώρυκτο</span> <span class='ocrx_word' id='word_1_41' title='bbox 1507 494 1622 533; x_wconf 78' lang='lat' dir='ltr'>posse</span> 
     </span>
     <span class='ocr_line' id='line_1_6' title="bbox 217 553 666 604; baseline -0.002 -11"><span class='ocrx_word' id='word_1_42' title='bbox 217 554 301 594; x_wconf 86' lang='lat' dir='ltr'>sine</span> <span class='ocrx_word' id='word_1_43' title='bbox 329 553 503 594; x_wconf 84' lang='lat' dir='ltr'>subiecto</span> <span class='ocrx_word' id='word_1_44' title='bbox 531 553 666 604; x_wconf 84' lang='lat' dir='ltr'>accipi.</span> 
     </span>
    </p>

    <p class='ocr_par' dir='ltr' id='par_1_3' title="bbox 215 618 1622 1030">
     <span class='ocr_line' id='line_1_7' title="bbox 347 618 1620 678; baseline -0.002 -13"><span class='ocrx_word' id='word_1_45' title='bbox 347 618 388 675; x_wconf 72' lang='grc' dir='ltr'>ο)</span> <span class='ocrx_word' id='word_1_46' title='bbox 411 626 454 665; x_wconf 87' lang='lat' dir='ltr'>In</span> <span class='ocrx_word' id='word_1_47' title='bbox 481 625 716 665; x_wconf 82' lang='lat' dir='ltr'>enuntiatol</span> <span class='ocrx_word' id='word_1_48' title='bbox 740 625 828 674; x_wconf 88' lang='lat'>118,</span> <span class='ocrx_word' id='word_1_49' title='bbox 855 625 964 664; x_wconf 87' lang='lat'>3-6</span> <span class='ocrx_word' id='word_1_50' title='bbox 994 622 1232 678; x_wconf 75' lang='grc' dir='ltr'>(Ἀστυάγης)</span> <span class='ocrx_word' id='word_1_51' title='bbox 1259 630 1387 678; x_wconf 73' lang='grc' dir='ltr'>πρῶτα</span> <span class='ocrx_word' id='word_1_52' title='bbox 1415 624 1492 678; x_wconf 73' lang='grc' dir='ltr'>μέν,</span> <span class='ocrx_word' id='word_1_53' title='bbox 1521 624 1620 663; x_wconf 80' lang='grc' dir='ltr'>κατά</span> 
     </span>
     <span class='ocr_line' id='line_1_8' title="bbox 215 693 1620 748; baseline -0.001 -15"><span class='ocrx_word' id='word_1_54' title='bbox 215 708 281 748; x_wconf 86' lang='grc' dir='ltr'>περ</span> <span class='ocrx_word' id='word_1_55' title='bbox 309 694 440 748; x_wconf 80' lang='grc' dir='ltr'>ἤκουσε</span> <span class='ocrx_word' id='word_1_56' title='bbox 469 695 576 739; x_wconf 75' lang='grc' dir='ltr'>αὐτὸς</span> <span class='ocrx_word' id='word_1_57' title='bbox 603 694 687 748; x_wconf 79' lang='grc' dir='ltr'>πρὸς</span> <span class='ocrx_word' id='word_1_58' title='bbox 718 700 785 733; x_wconf 82' lang='grc' dir='ltr'>τοῦ</span> <span class='ocrx_word' id='word_1_59' title='bbox 823 693 1000 744; x_wconf 81' lang='grc' dir='ltr'>βουκόλου</span> <span class='ocrx_word' id='word_1_60' title='bbox 1035 694 1089 733; x_wconf 80' lang='grc' dir='ltr'>τὸ</span> <span class='ocrx_word' id='word_1_61' title='bbox 1124 699 1341 748; x_wconf 82' lang='grc' dir='ltr'>πρῆγμα,</span> <span class='ocrx_word' id='word_1_62' title='bbox 1380 693 1489 734; x_wconf 80' lang='grc' dir='ltr'>πάλιν</span> <span class='ocrx_word' id='word_1_63' title='bbox 1526 696 1620 748; x_wconf 79' lang='grc' dir='ltr'>ἀπη-</span> 
     </span>
     <span class='ocr_line' id='line_1_9' title="bbox 216 759 1622 819; baseline 0 -16"><span class='ocrx_word' id='word_1_64' title='bbox 216 765 324 818; x_wconf 82' lang='grc' dir='ltr'>γέετο</span> <span class='ocrx_word' id='word_1_65' title='bbox 351 771 407 813; x_wconf 80' lang='grc' dir='ltr'>τῷ</span> <span class='ocrx_word' id='word_1_66' title='bbox 436 763 620 818; x_wconf 85' lang='grc' dir='ltr'>Ἀρπάγῳ,</span> <span class='ocrx_word' id='word_1_67' title='bbox 649 765 745 818; x_wconf 73' lang='grc' dir='ltr'>μετὰ</span> <span class='ocrx_word' id='word_1_68' title='bbox 773 759 824 813; x_wconf 80' lang='grc' dir='ltr'>δέ,</span> <span class='ocrx_word' id='word_1_69' title='bbox 855 762 911 810; x_wconf 79' lang='grc' dir='ltr'>ὦς’</span> <span class='ocrx_word' id='word_1_70' title='bbox 937 767 979 802; x_wconf 82' lang='grc' dir='ltr'>οἱ</span> <span class='ocrx_word' id='word_1_71' title='bbox 1007 764 1396 819; x_wconf 72' lang='grc' dir='ltr'>ἐπαλιλλόγητο,</span> <span class='ocrx_word' id='word_1_72' title='bbox 1431 765 1622 816; x_wconf 70' lang='grc' dir='ltr'>κατέβαινε</span> 
     </span>
     <span class='ocr_line' id='line_1_10' title="bbox 217 835 1619 889; baseline 0.001 -16"><span class='ocrx_word' id='word_1_73' title='bbox 217 836 337 889; x_wconf 76' lang='grc' dir='ltr'>λέγων</span> <span class='ocrx_word' id='word_1_74' title='bbox 364 837 442 875; x_wconf 84' lang='grc' dir='ltr'>κτὲ.</span> <span class='ocrx_word' id='word_1_75' title='bbox 463 836 698 884; x_wconf 81' lang='lat' dir='ltr'>iungendum</span> <span class='ocrx_word' id='word_1_76' title='bbox 727 840 784 877; x_wconf 85' lang='lat' dir='ltr'>est</span> <span class='ocrx_word' id='word_1_77' title='bbox 814 835 1083 889; x_wconf 74' lang='grc' dir='ltr'>ἐπαλιλλόγητο</span> <span class='ocrx_word' id='word_1_78' title='bbox 1110 848 1199 875; x_wconf 89' lang='lat' dir='ltr'>cum</span> <span class='ocrx_word' id='word_1_79' title='bbox 1226 836 1492 876; x_wconf 72' lang='lat' dir='ltr'>subintellecto</span> <span class='ocrx_word' id='word_1_80' title='bbox 1519 836 1619 876; x_wconf 87' lang='lat' dir='ltr'>subi.</span> 
     </span>
     <span class='ocr_line' id='line_1_11' title="bbox 218 900 1621 960; baseline 0.001 -17"><span class='ocrx_word' id='word_1_81' title='bbox 218 910 380 959; x_wconf 83' lang='grc' dir='ltr'>πρῆγμα.</span> <span class='ocrx_word' id='word_1_82' title='bbox 425 906 481 946; x_wconf 85' lang='lat' dir='ltr'>Cf.</span> <span class='ocrx_word' id='word_1_83' title='bbox 511 906 655 947; x_wconf 78' lang='lat' dir='ltr'>Herod.</span> <span class='ocrx_word' id='word_1_84' title='bbox 685 907 700 945; x_wconf 88' lang='lat'>1</span> <span class='ocrx_word' id='word_1_85' title='bbox 729 907 794 956; x_wconf 89' lang='grc'>90,</span> <span class='ocrx_word' id='word_1_86' title='bbox 828 906 876 946; x_wconf 83' lang='grc'>12</span> <span class='ocrx_word' id='word_1_87' title='bbox 906 904 1054 960; x_wconf 80' lang='grc' dir='ltr'>Κροῖσος</span> <span class='ocrx_word' id='word_1_88' title='bbox 1082 900 1122 945; x_wconf 77' lang='grc' dir='ltr'>δέ</span> <span class='ocrx_word' id='word_1_89' title='bbox 1150 908 1183 944; x_wconf 77' lang='grc' dir='ltr'>οἱ</span> <span class='ocrx_word' id='word_1_90' title='bbox 1210 905 1476 960; x_wconf 73' lang='grc' dir='ltr'>ἐπαλιλλόγησε</span> <span class='ocrx_word' id='word_1_91' title='bbox 1502 911 1621 945; x_wconf 79' lang='grc' dir='ltr'>πᾶσαν</span> 
     </span>
     <span class='ocr_line' id='line_1_12' title="bbox 218 971 667 1030; baseline 0.004 -16"><span class='ocrx_word' id='word_1_92' title='bbox 218 975 286 1030; x_wconf 86' lang='grc' dir='ltr'>τὴν</span> <span class='ocrx_word' id='word_1_93' title='bbox 316 979 452 1015; x_wconf 74' lang='grc' dir='ltr'>ἑωυτοῦ</span> <span class='ocrx_word' id='word_1_94' title='bbox 480 971 667 1017; x_wconf 72' lang='grc' dir='ltr'>διάνοιαν.-</span> 
     </span>
    </p>

    <p class='ocr_par' dir='ltr' id='par_1_4' title="bbox 213 1041 1625 1733">
     <span class='ocr_line' id='line_1_13' title="bbox 348 1041 1621 1102; baseline 0.001 -17"><span class='ocrx_word' id='word_1_95' title='bbox 348 1047 393 1098; x_wconf 83' lang='lat' dir='ltr'>d)</span> <span class='ocrx_word' id='word_1_96' title='bbox 422 1048 467 1086; x_wconf 87' lang='lat'>111</span> <span class='ocrx_word' id='word_1_97' title='bbox 494 1049 559 1097; x_wconf 85' lang='lat'>46,</span> <span class='ocrx_word' id='word_1_98' title='bbox 588 1049 613 1086; x_wconf 84' lang='grc'>8</span> <span class='ocrx_word' id='word_1_99' title='bbox 642 1050 675 1086; x_wconf 82' lang='grc' dir='ltr'>οἱ</span> <span class='ocrx_word' id='word_1_100' title='bbox 703 1041 742 1087; x_wconf 81' lang='grc' dir='ltr'>δέ</span> <span class='ocrx_word' id='word_1_101' title='bbox 770 1046 1025 1101; x_wconf 74' lang='grc' dir='ltr'>(Σπαρτιᾶται)</span> <span class='ocrx_word' id='word_1_102' title='bbox 1064 1060 1123 1101; x_wconf 79' lang='grc' dir='ltr'>σφι</span> <span class='ocrx_word' id='word_1_103' title='bbox 1160 1046 1353 1101; x_wconf 80' lang='grc' dir='ltr'>(Σαμίοισι)</span> <span class='ocrx_word' id='word_1_104' title='bbox 1391 1048 1621 1102; x_wconf 70' lang='grc' dir='ltr'>ὑπεκρίναντο</span> 
     </span>
     <span class='ocr_line' id='line_1_14' title="bbox 217 1117 1625 1173; baseline 0 -16"><span class='ocrx_word' id='word_1_105' title='bbox 217 1124 273 1168; x_wconf 80' lang='grc' dir='ltr'>τῷ</span> <span class='ocrx_word' id='word_1_106' title='bbox 306 1117 467 1168; x_wconf 63' lang='grc' dir='ltr'>θυλάκῳ</span> <span class='ocrx_word' id='word_1_107' title='bbox 507 1118 880 1172; x_wconf 61' lang='grc' dir='ltr'>περιεργάσθαι.</span> <span class='ocrx_word' id='word_1_108' title='bbox 938 1119 1003 1158; x_wconf 78' lang='lat' dir='ltr'>Ins.</span> <span class='ocrx_word' id='word_1_109' title='bbox 1032 1119 1148 1159; x_wconf 86' lang='lat' dir='ltr'>medii</span> <span class='ocrx_word' id='word_1_110' title='bbox 1174 1117 1433 1173; x_wconf 63' lang='grc' dir='ltr'>περιεργάσθαι</span> <span class='ocrx_word' id='word_1_111' title='bbox 1460 1120 1625 1169; x_wconf 76' lang='lat' dir='ltr'><strong>pertinet</strong></span> 
     </span>
     <span class='ocr_line' id='line_1_15' title="bbox 213 1188 1621 1244; baseline -0.001 -16"><span class='ocrx_word' id='word_1_112' title='bbox 213 1189 268 1228; x_wconf 77' lang='lat' dir='ltr'>ad</span> <span class='ocrx_word' id='word_1_113' title='bbox 295 1189 511 1229; x_wconf 84' lang='lat' dir='ltr'>subiectum</span> <span class='ocrx_word' id='word_1_114' title='bbox 546 1189 728 1229; x_wconf 81' lang='lat' dir='ltr'>»Samii«.</span> <span class='ocrx_word' id='word_1_115' title='bbox 759 1190 855 1230; x_wconf 87' lang='lat' dir='ltr'>Vide</span> <span class='ocrx_word' id='word_1_116' title='bbox 882 1189 1020 1229; x_wconf 80' lang='lat' dir='ltr'>Herod.</span> <span class='ocrx_word' id='word_1_117' title='bbox 1051 1190 1080 1229; x_wconf 89' lang='grc' dir='ltr'>ΙΙ</span> <span class='ocrx_word' id='word_1_118' title='bbox 1113 1190 1173 1240; x_wconf 86' lang='grc'>15,</span> <span class='ocrx_word' id='word_1_119' title='bbox 1207 1190 1256 1229; x_wconf 83' lang='grc'>15</span> <span class='ocrx_word' id='word_1_120' title='bbox 1283 1190 1321 1228; x_wconf 87' lang='grc' dir='ltr'>τί</span> <span class='ocrx_word' id='word_1_121' title='bbox 1347 1188 1621 1244; x_wconf 82' lang='grc' dir='ltr'>περιεργάζοντο</span> 
     </span>
     <span class='ocr_line' id='line_1_16' title="bbox 218 1254 1622 1314; baseline 0.001 -16"><span class='ocrx_word' id='word_1_122' title='bbox 218 1254 403 1305; x_wconf 73' lang='grc' dir='ltr'>δοκέοντες</span> <span class='ocrx_word' id='word_1_123' title='bbox 430 1266 565 1314; x_wconf 62' lang='grc' dir='ltr'>πρῶτον.</span> <span class='ocrx_word' id='word_1_124' title='bbox 591 1260 795 1314; x_wconf 60' lang='grc' dir='ltr'>ἀνθρώπων</span> <span class='ocrx_word' id='word_1_125' title='bbox 823 1259 1028 1314; x_wconf 81' lang='grc' dir='ltr'>γεγονέναι,</span> <span class='ocrx_word' id='word_1_126' title='bbox 1069 1260 1214 1301; x_wconf 84' lang='lat' dir='ltr'>Aelian.</span> <span class='ocrx_word' id='word_1_127' title='bbox 1243 1260 1289 1300; x_wconf 94' lang='lat' dir='ltr'>V.</span> <span class='ocrx_word' id='word_1_128' title='bbox 1319 1260 1365 1300; x_wconf 90' lang='lat' dir='ltr'>H.</span> <span class='ocrx_word' id='word_1_129' title='bbox 1393 1262 1431 1311; x_wconf 80' lang='lat'>4,</span> <span class='ocrx_word' id='word_1_130' title='bbox 1465 1261 1511 1300; x_wconf 86' lang='lat'>11</span> <span class='ocrx_word' id='word_1_131' title='bbox 1542 1259 1622 1298; x_wconf 89' lang='grc' dir='ltr'>Σω-</span> 
     </span>
     <span class='ocr_line' id='line_1_17' title="bbox 219 1325 1621 1385; baseline 0.001 -16"><span class='ocrx_word' id='word_1_132' title='bbox 219 1330 354 1385; x_wconf 85' lang='grc' dir='ltr'>κράτης</span> <span class='ocrx_word' id='word_1_133' title='bbox 372 1329 644 1385; x_wconf 66' lang='grc' dir='ltr'>περιειργάσξῐαι</span> <span class='ocrx_word' id='word_1_134' title='bbox 663 1331 724 1369; x_wconf 86' lang='grc' dir='ltr'>καὶ</span> <span class='ocrx_word' id='word_1_135' title='bbox 742 1337 797 1380; x_wconf 87' lang='grc' dir='ltr'>τῷ</span> <span class='ocrx_word' id='word_1_136' title='bbox 816 1325 948 1381; x_wconf 78' lang='grc' dir='ltr'>οἰκιδίῳ</span> <span class='ocrx_word' id='word_1_137' title='bbox 977 1332 1039 1369; x_wconf 86' lang='grc' dir='ltr'>καὶ</span> <span class='ocrx_word' id='word_1_138' title='bbox 1064 1337 1120 1380; x_wconf 84' lang='grc' dir='ltr'>τῷ</span> <span class='ocrx_word' id='word_1_139' title='bbox 1149 1325 1346 1384; x_wconf 73' lang='grc' dir='ltr'>σκιμποδίῳ</span> <span class='ocrx_word' id='word_1_140' title='bbox 1375 1333 1452 1369; x_wconf 84' lang='grc' dir='ltr'>κτὲ.</span> <span class='ocrx_word' id='word_1_141' title='bbox 1481 1331 1621 1372; x_wconf 84' lang='lat' dir='ltr'>Moneo</span> 
     </span>
     <span class='ocr_line' id='line_1_18' title="bbox 219 1400 1617 1453; baseline -0.001 -12"><span class='ocrx_word' id='word_1_142' title='bbox 219 1402 269 1451; x_wconf 89' lang='lat' dir='ltr'>id,</span> <span class='ocrx_word' id='word_1_143' title='bbox 300 1413 350 1442; x_wconf 88' lang='lat' dir='ltr'>ne</span> <span class='ocrx_word' id='word_1_144' title='bbox 377 1402 474 1451; x_wconf 87' lang='lat' dir='ltr'>quis,</span> <span class='ocrx_word' id='word_1_145' title='bbox 502 1401 884 1451; x_wconf 78' lang='lat' dir='ltr'>interpretationibus</span> <span class='ocrx_word' id='word_1_146' title='bbox 904 1401 941 1440; x_wconf 90' lang='lat' dir='ltr'>L.</span> <span class='ocrx_word' id='word_1_147' title='bbox 961 1401 1096 1453; x_wconf 71' lang='lat' dir='ltr'>Valiae</span> <span class='ocrx_word' id='word_1_148' title='bbox 1123 1404 1162 1441; x_wconf 90' lang='lat' dir='ltr'>et</span> <span class='ocrx_word' id='word_1_149' title='bbox 1189 1400 1345 1441; x_wconf 88' lang='lat' dir='ltr'>Abichti</span> <span class='ocrx_word' id='word_1_150' title='bbox 1373 1401 1524 1450; x_wconf 73' lang='lat' dir='ltr'>ductus,</span> <span class='ocrx_word' id='word_1_151' title='bbox 1554 1400 1617 1440; x_wconf 87' lang='lat' dir='ltr'>inf.</span> 
     </span>
     <span class='ocr_line' id='line_1_19' title="bbox 217 1470 1620 1524; baseline -0.001 -14"><span class='ocrx_word' id='word_1_152' title='bbox 217 1470 477 1524; x_wconf 63' lang='grc' dir='ltr'>περιεργάσθαι</span> <span class='ocrx_word' id='word_1_153' title='bbox 513 1483 630 1510; x_wconf 90' lang='lat' dir='ltr'>sensu</span> <span class='ocrx_word' id='word_1_154' title='bbox 669 1471 825 1520; x_wconf 80' lang='lat' dir='ltr'>passivo</span> <span class='ocrx_word' id='word_1_155' title='bbox 854 1472 938 1511; x_wconf 90' lang='lat' dir='ltr'>sine</span> <span class='ocrx_word' id='word_1_156' title='bbox 964 1472 1138 1511; x_wconf 87' lang='lat' dir='ltr'>subiecto</span> <span class='ocrx_word' id='word_1_157' title='bbox 1166 1483 1253 1510; x_wconf 86' lang='lat' dir='ltr'>esse</span> <span class='ocrx_word' id='word_1_158' title='bbox 1279 1475 1510 1521; x_wconf 85' lang='lat' dir='ltr'>usurpatum</span> <span class='ocrx_word' id='word_1_159' title='bbox 1538 1471 1620 1509; x_wconf 88' lang='lat' dir='ltr'>exi-</span> 
     </span>
     <span class='ocr_line' id='line_1_20' title="bbox 218 1540 1619 1591; baseline 0.001 -13"><span class='ocrx_word' id='word_1_160' title='bbox 218 1541 358 1580; x_wconf 86' lang='lat' dir='ltr'>stimet.</span> <span class='ocrx_word' id='word_1_161' title='bbox 406 1541 471 1580; x_wconf 88' lang='lat' dir='ltr'>Ille</span> <span class='ocrx_word' id='word_1_162' title='bbox 498 1540 601 1580; x_wconf 90' lang='lat' dir='ltr'>enim</span> <span class='ocrx_word' id='word_1_163' title='bbox 630 1541 765 1580; x_wconf 85' lang='lat' dir='ltr'>vertit:</span> <span class='ocrx_word' id='word_1_164' title='bbox 800 1541 973 1588; x_wconf 68' lang='lat' dir='ltr'>»Quibus</span> <span class='ocrx_word' id='word_1_165' title='bbox 1001 1540 1115 1580; x_wconf 85' lang='lat' dir='ltr'>iidem</span> <span class='ocrx_word' id='word_1_166' title='bbox 1144 1540 1428 1591; x_wconf 70' lang='lat' dir='ltr'>responderunt</span> <span class='ocrx_word' id='word_1_167' title='bbox 1456 1540 1619 1591; x_wconf 80' lang='lat' dir='ltr'>panario</span> 
     </span>
     <span class='ocr_line' id='line_1_21' title="bbox 219 1611 1621 1661; baseline -0.001 -11"><span class='ocrx_word' id='word_1_168' title='bbox 219 1612 371 1651; x_wconf 84' lang='lat' dir='ltr'>curiose</span> <span class='ocrx_word' id='word_1_169' title='bbox 398 1615 529 1650; x_wconf 84' lang='lat' dir='ltr'>actum</span> <span class='ocrx_word' id='word_1_170' title='bbox 559 1612 714 1661; x_wconf 81' lang='lat' dir='ltr'>fuisse«,</span> <span class='ocrx_word' id='word_1_171' title='bbox 758 1611 822 1651; x_wconf 87' lang='lat' dir='ltr'>hio</span> <span class='ocrx_word' id='word_1_172' title='bbox 855 1612 968 1651; x_wconf 66' lang='lat' dir='ltr'>‚dass</span> <span class='ocrx_word' id='word_1_173' title='bbox 997 1612 1098 1652; x_wconf 85' lang='lat' dir='ltr'>auch</span> <span class='ocrx_word' id='word_1_174' title='bbox 1127 1612 1197 1651; x_wconf 87' lang='lat' dir='ltr'>mit</span> <span class='ocrx_word' id='word_1_175' title='bbox 1223 1612 1312 1651; x_wconf 87' lang='lat' dir='ltr'>dem</span> <span class='ocrx_word' id='word_1_176' title='bbox 1342 1611 1468 1651; x_wconf 82' lang='lat' dir='ltr'>Sacke</span> <span class='ocrx_word' id='word_1_177' title='bbox 1496 1615 1621 1652; x_wconf 79' lang='lat' dir='ltr'>etwas</span> 
     </span>
     <span class='ocr_line' id='line_1_22' title="bbox 218 1682 1058 1733; baseline 0 -11"><span class='ocrx_word' id='word_1_178' title='bbox 218 1683 489 1732; x_wconf 76' lang='lat' dir='ltr'>uberssussiges</span> <span class='ocrx_word' id='word_1_179' title='bbox 510 1712 520 1722; x_wconf 85' lang='lat'><strong>.</strong></span> <span class='ocrx_word' id='word_1_180' title='bbox 541 1712 550 1722; x_wconf 88' lang='lat'><strong>.</strong></span> <span class='ocrx_word' id='word_1_181' title='bbox 571 1694 649 1722; x_wconf 89' lang='lat' dir='ltr'>von</span> <span class='ocrx_word' id='word_1_182' title='bbox 678 1682 794 1723; x_wconf 89' lang='lat' dir='ltr'>ihnen</span> <span class='ocrx_word' id='word_1_183' title='bbox 822 1686 936 1733; x_wconf 85' lang='lat' dir='ltr'>getan</span> <span class='ocrx_word' id='word_1_184' title='bbox 964 1684 1058 1723; x_wconf 81' lang='lat' dir='ltr'>sei«.</span> 
     </span>
    </p>

    <p class='ocr_par' dir='ltr' id='par_1_5' title="bbox 219 1754 1622 2516">
     <span class='ocr_line' id='line_1_23' title="bbox 349 1754 1619 1813; baseline 0 -15"><span class='ocrx_word' id='word_1_185' title='bbox 349 1761 384 1810; x_wconf 86' lang='lat' dir='ltr'>e)</span> <span class='ocrx_word' id='word_1_186' title='bbox 411 1761 462 1798; x_wconf 95' lang='lat' dir='ltr'>IV</span> <span class='ocrx_word' id='word_1_187' title='bbox 482 1761 545 1809; x_wconf 83' lang='lat'>25,</span> <span class='ocrx_word' id='word_1_188' title='bbox 577 1761 596 1798; x_wconf 92' lang='lat'>1</span> <span class='ocrx_word' id='word_1_189' title='bbox 627 1759 733 1812; x_wconf 81' lang='grc' dir='ltr'>μέχρι</span> <span class='ocrx_word' id='word_1_190' title='bbox 760 1759 825 1812; x_wconf 84' lang='grc' dir='ltr'>μὲν</span> <span class='ocrx_word' id='word_1_191' title='bbox 853 1754 897 1812; x_wconf 75' lang='grc' dir='ltr'>δὴ</span> <span class='ocrx_word' id='word_1_192' title='bbox 926 1760 1066 1798; x_wconf 77' lang='grc' dir='ltr'>τούτων</span> <span class='ocrx_word' id='word_1_193' title='bbox 1085 1760 1298 1813; x_wconf 80' lang='grc' dir='ltr'>γινώσκεται</span> <span class='ocrx_word' id='word_1_194' title='bbox 1323 1762 1400 1798; x_wconf 77' lang='grc' dir='ltr'>κτὲ.</span> <span class='ocrx_word' id='word_1_195' title='bbox 1427 1761 1619 1808; x_wconf 81' lang='lat' dir='ltr'>Krueger-</span> 
     </span>
     <span class='ocr_line' id='line_1_24' title="bbox 222 1829 1622 1883; baseline -0.001 -14"><span class='ocrx_word' id='word_1_196' title='bbox 222 1830 359 1870; x_wconf 85' lang='lat' dir='ltr'>Poekel</span> <span class='ocrx_word' id='word_1_197' title='bbox 388 1830 469 1870; x_wconf 87' lang='lat' dir='ltr'>sine</span> <span class='ocrx_word' id='word_1_198' title='bbox 498 1830 672 1869; x_wconf 86' lang='lat' dir='ltr'>subiecto</span> <span class='ocrx_word' id='word_1_199' title='bbox 699 1842 785 1870; x_wconf 86' lang='lat' dir='ltr'>esse</span> <span class='ocrx_word' id='word_1_200' title='bbox 822 1829 1036 1883; x_wconf 62' lang='grc' dir='ltr'>γινώσκει-αι</span> <span class='ocrx_word' id='word_1_201' title='bbox 1073 1830 1208 1870; x_wconf 79' lang='lat' dir='ltr'>statuit</span> <span class='ocrx_word' id='word_1_202' title='bbox 1252 1831 1391 1870; x_wconf 81' lang='lat' dir='ltr'>»findet</span> <span class='ocrx_word' id='word_1_203' title='bbox 1428 1829 1622 1870; x_wconf 84' lang='lat' dir='ltr'>Bekannt-</span> 
     </span>
     <span class='ocr_line' id='line_1_25' title="bbox 220 1899 1620 1951; baseline 0.001 -13"><span class='ocrx_word' id='word_1_204' title='bbox 220 1900 345 1939; x_wconf 83' lang='lat' dir='ltr'>sebast</span> <span class='ocrx_word' id='word_1_205' title='bbox 382 1903 514 1939; x_wconf 80' lang='lat' dir='ltr'>statt«.</span> <span class='ocrx_word' id='word_1_206' title='bbox 571 1900 774 1939; x_wconf 84' lang='lat' dir='ltr'>Assentior</span> <span class='ocrx_word' id='word_1_207' title='bbox 811 1901 938 1951; x_wconf 85' lang='lat' dir='ltr'>potius</span> <span class='ocrx_word' id='word_1_208' title='bbox 975 1900 1152 1948; x_wconf 77' lang='lat' dir='ltr'>Baebi-io,</span> <span class='ocrx_word' id='word_1_209' title='bbox 1193 1900 1358 1938; x_wconf 85' lang='lat' dir='ltr'>Abichto</span> <span class='ocrx_word' id='word_1_210' title='bbox 1386 1899 1620 1949; x_wconf 88' lang='lat' dir='ltr'>Steinioque‚</span> 
     </span>
     <span class='ocr_line' id='line_1_26' title="bbox 220 1967 1620 2024; baseline -0.001 -15"><span class='ocrx_word' id='word_1_211' title='bbox 220 1970 287 2020; x_wconf 89' lang='lat' dir='ltr'>qui</span> <span class='ocrx_word' id='word_1_212' title='bbox 305 1970 356 2010; x_wconf 86' lang='lat' dir='ltr'>ad</span> <span class='ocrx_word' id='word_1_213' title='bbox 379 1969 593 2024; x_wconf 81' lang='grc' dir='ltr'>γινώσκεται</span> <span class='ocrx_word' id='word_1_214' title='bbox 613 1970 852 2010; x_wconf 87' lang='lat' dir='ltr'>subaudiunt</span> <span class='ocrx_word' id='word_1_215' title='bbox 870 1970 969 2009; x_wconf 87' lang='lat' dir='ltr'>subi.</span> <span class='ocrx_word' id='word_1_216' title='bbox 999 1971 1021 2023; x_wconf 86' lang='grc' dir='ltr'>ἡ</span> <span class='ocrx_word' id='word_1_217' title='bbox 1042 1969 1144 2023; x_wconf 88' lang='grc' dir='ltr'>χώρη</span> <span class='ocrx_word' id='word_1_218' title='bbox 1172 1983 1219 2010; x_wconf 83' lang='lat' dir='ltr'>ex</span> <span class='ocrx_word' id='word_1_219' title='bbox 1248 1982 1334 2020; x_wconf 85' lang='lat' dir='ltr'>cap.</span> <span class='ocrx_word' id='word_1_220' title='bbox 1355 1970 1419 2020; x_wconf 83' lang='lat'>24,</span> <span class='ocrx_word' id='word_1_221' title='bbox 1448 1970 1472 2008; x_wconf 87' lang='grc'>2</span> <span class='ocrx_word' id='word_1_222' title='bbox 1500 1967 1620 2022; x_wconf 86' lang='grc' dir='ltr'>πολλὴ</span> 
     </span>
     <span class='ocr_line' id='line_1_27' title="bbox 219 2038 1621 2094; baseline -0.001 -16"><span class='ocrx_word' id='word_1_223' title='bbox 219 2041 421 2093; x_wconf 79' lang='grc' dir='ltr'>περιφανείη</span> <span class='ocrx_word' id='word_1_224' title='bbox 449 2044 515 2093; x_wconf 86' lang='grc' dir='ltr'>τῆς</span> <span class='ocrx_word' id='word_1_225' title='bbox 543 2040 661 2094; x_wconf 79' lang='grc' dir='ltr'>χώρης</span> <span class='ocrx_word' id='word_1_226' title='bbox 690 2040 766 2078; x_wconf 80' lang='grc' dir='ltr'>ἐστί</span> <span class='ocrx_word' id='word_1_227' title='bbox 793 2039 847 2091; x_wconf 91' lang='lat'>(=</span> <span class='ocrx_word' id='word_1_228' title='bbox 861 2038 1050 2093; x_wconf 79' lang='grc' dir='ltr'>περιφανὴς</span> <span class='ocrx_word' id='word_1_229' title='bbox 1068 2041 1091 2092; x_wconf 82' lang='grc' dir='ltr'><strong>ἠ</strong></span> <span class='ocrx_word' id='word_1_230' title='bbox 1112 2039 1213 2094; x_wconf 80' lang='grc' dir='ltr'>χώρη</span> <span class='ocrx_word' id='word_1_231' title='bbox 1242 2040 1344 2089; x_wconf 77' lang='grc' dir='ltr'>ἐστί).</span> <span class='ocrx_word' id='word_1_232' title='bbox 1376 2040 1487 2079; x_wconf 85' lang='lat' dir='ltr'><strong>Haud</strong></span> <span class='ocrx_word' id='word_1_233' title='bbox 1513 2039 1621 2078; x_wconf 83' lang='lat' dir='ltr'>flocci</span> 
     </span>
     <span class='ocr_line' id='line_1_28' title="bbox 220 2110 1619 2163; baseline -0.002 -13"><span class='ocrx_word' id='word_1_234' title='bbox 220 2110 425 2161; x_wconf 85' lang='lat' dir='ltr'>pendenda</span> <span class='ocrx_word' id='word_1_235' title='bbox 462 2114 520 2150; x_wconf 89' lang='lat' dir='ltr'>est</span> <span class='ocrx_word' id='word_1_236' title='bbox 556 2111 794 2150; x_wconf 82' lang='lat' dir='ltr'>constructio</span> <span class='ocrx_word' id='word_1_237' title='bbox 823 2110 1039 2161; x_wconf 75' lang='lat' dir='ltr'>personalis</span> <span class='ocrx_word' id='word_1_238' title='bbox 1066 2110 1241 2150; x_wconf 89' lang='lat' dir='ltr'>eiusdem</span> <span class='ocrx_word' id='word_1_239' title='bbox 1269 2111 1377 2149; x_wconf 86' lang='lat' dir='ltr'>vocis</span> <span class='ocrx_word' id='word_1_240' title='bbox 1405 2110 1619 2163; x_wconf 86' lang='grc' dir='ltr'>γινώσκεται</span> 
     </span>
     <span class='ocr_line' id='line_1_29' title="bbox 220 2179 1621 2231; baseline 0 -12"><span class='ocrx_word' id='word_1_241' title='bbox 220 2181 310 2219; x_wconf 88' lang='lat' dir='ltr'>ibid.</span> <span class='ocrx_word' id='word_1_242' title='bbox 339 2192 426 2230; x_wconf 82' lang='lat' dir='ltr'>cap.</span> <span class='ocrx_word' id='word_1_243' title='bbox 457 2180 509 2219; x_wconf 84' lang='lat'>25</span> <span class='ocrx_word' id='word_1_244' title='bbox 537 2193 572 2218; x_wconf 92' lang='lat' dir='ltr'>v.</span> <span class='ocrx_word' id='word_1_245' title='bbox 605 2181 643 2218; x_wconf 89' lang='lat'>8.</span> <span class='ocrx_word' id='word_1_246' title='bbox 676 2181 737 2219; x_wconf 93' lang='lat'>10.</span> <span class='ocrx_word' id='word_1_247' title='bbox 772 2181 832 2219; x_wconf 88' lang='lat'>11.</span> <span class='ocrx_word' id='word_1_248' title='bbox 890 2180 1072 2220; x_wconf 81' lang='lat' dir='ltr'>Similiter</span> <span class='ocrx_word' id='word_1_249' title='bbox 1110 2180 1202 2231; x_wconf 83' lang='lat' dir='ltr'>perf.</span> <span class='ocrx_word' id='word_1_250' title='bbox 1229 2179 1412 2219; x_wconf 68' lang='grc' dir='ltr'>πέπαυται</span> <span class='ocrx_word' id='word_1_251' title='bbox 1440 2179 1576 2231; x_wconf 82' lang='lat' dir='ltr'>(Thuc.</span> <span class='ocrx_word' id='word_1_252' title='bbox 1607 2181 1621 2219; x_wconf 94' lang='grc' dir='ltr'>Ι</span> 
     </span>
     <span class='ocr_line' id='line_1_30' title="bbox 219 2244 1622 2304; baseline -0.002 -13"><span class='ocrx_word' id='word_1_253' title='bbox 219 2254 257 2300; x_wconf 90' lang='grc'>6,</span> <span class='ocrx_word' id='word_1_254' title='bbox 288 2253 315 2290; x_wconf 83' lang='lat'>4</span> <span class='ocrx_word' id='word_1_255' title='bbox 343 2245 558 2304; x_wconf 75' lang='grc' dir='ltr'>διαζώματα</span> <span class='ocrx_word' id='word_1_256' title='bbox 586 2254 730 2303; x_wconf 80' lang='grc' dir='ltr'>ἔχοντες</span> <span class='ocrx_word' id='word_1_257' title='bbox 756 2251 835 2303; x_wconf 82' lang='grc' dir='ltr'>περὶ</span> <span class='ocrx_word' id='word_1_258' title='bbox 852 2250 902 2289; x_wconf 83' lang='grc' dir='ltr'>τοὶ</span> <span class='ocrx_word' id='word_1_259' title='bbox 921 2244 1037 2289; x_wconf 71' lang='grc' dir='ltr'>αἰδοῖα</span> <span class='ocrx_word' id='word_1_260' title='bbox 1063 2254 1095 2288; x_wconf 74' lang='grc' dir='ltr'>οἱ</span> <span class='ocrx_word' id='word_1_261' title='bbox 1123 2251 1290 2304; x_wconf 60' lang='grc' dir='ltr'>ἀθληταὶ</span> <span class='ocrx_word' id='word_1_262' title='bbox 1316 2250 1533 2303; x_wconf 78' lang='grc' dir='ltr'>ἠγωνίζοντο</span> <span class='ocrx_word' id='word_1_263' title='bbox 1561 2251 1622 2288; x_wconf 87' lang='grc' dir='ltr'>καὶ</span> 
     </span>
     <span class='ocr_line' id='line_1_31' title="bbox 219 2314 1620 2374; baseline 0.001 -16"><span class='ocrx_word' id='word_1_264' title='bbox 219 2323 261 2359; x_wconf 84' lang='grc' dir='ltr'>οὐ</span> <span class='ocrx_word' id='word_1_265' title='bbox 298 2320 421 2358; x_wconf 79' lang='grc' dir='ltr'>πολλὰ</span> <span class='ocrx_word' id='word_1_266' title='bbox 458 2324 522 2374; x_wconf 82' lang='grc' dir='ltr'>ἐτη</span> <span class='ocrx_word' id='word_1_267' title='bbox 562 2314 683 2374; x_wconf 80' lang='grc' dir='ltr'>ἐπειδὴ</span> <span class='ocrx_word' id='word_1_268' title='bbox 720 2319 931 2372; x_wconf 87' lang='grc' dir='ltr'>πέπαυται),</span> <span class='ocrx_word' id='word_1_269' title='bbox 971 2320 1075 2371; x_wconf 90' lang='lat' dir='ltr'>quod</span> <span class='ocrx_word' id='word_1_270' title='bbox 1104 2320 1242 2360; x_wconf 87' lang='lat' dir='ltr'>Poekel</span> <span class='ocrx_word' id='word_1_271' title='bbox 1269 2320 1320 2360; x_wconf 90' lang='lat' dir='ltr'>ad</span> <span class='ocrx_word' id='word_1_272' title='bbox 1349 2319 1620 2359; x_wconf 78' lang='lat' dir='ltr'>stabiliendum</span> 
     </span>
     <span class='ocr_line' id='line_1_32' title="bbox 219 2392 1620 2446; baseline -0.001 -14"><span class='ocrx_word' id='word_1_273' title='bbox 219 2405 335 2432; x_wconf 86' lang='lat' dir='ltr'>usum</span> <span class='ocrx_word' id='word_1_274' title='bbox 371 2405 407 2431; x_wconf 90' lang='lat' dir='ltr'>v.</span> <span class='ocrx_word' id='word_1_275' title='bbox 435 2392 649 2446; x_wconf 87' lang='grc' dir='ltr'>γινώσκεται</span> <span class='ocrx_word' id='word_1_276' title='bbox 679 2392 719 2431; x_wconf 83' lang='grc' dir='ltr'>ὶη</span> <span class='ocrx_word' id='word_1_277' title='bbox 747 2392 1078 2442; x_wconf 84' lang='lat' dir='ltr'>comparationem</span> <span class='ocrx_word' id='word_1_278' title='bbox 1107 2396 1242 2442; x_wconf 88' lang='lat' dir='ltr'>vocat,</span> <span class='ocrx_word' id='word_1_279' title='bbox 1279 2392 1501 2432; x_wconf 84' lang='lat' dir='ltr'>accuratius</span> <span class='ocrx_word' id='word_1_280' title='bbox 1529 2392 1620 2431; x_wconf 78' lang='lat' dir='ltr'>defi-</span> 
     </span>
     <span class='ocr_line' id='line_1_33' title="bbox 220 2455 1432 2516; baseline -0.002 -14"><span class='ocrx_word' id='word_1_281' title='bbox 220 2463 323 2502; x_wconf 85' lang='lat' dir='ltr'>nitur</span> <span class='ocrx_word' id='word_1_282' title='bbox 351 2463 560 2502; x_wconf 82' lang='lat' dir='ltr'>subaudito</span> <span class='ocrx_word' id='word_1_283' title='bbox 588 2462 651 2502; x_wconf 87' lang='lat' dir='ltr'>inf.</span> <span class='ocrx_word' id='word_1_284' title='bbox 679 2462 723 2501; x_wconf 80' lang='grc' dir='ltr'>τὸ</span> <span class='ocrx_word' id='word_1_285' title='bbox 753 2455 967 2515; x_wconf 75' lang='grc' dir='ltr'>διαζώματα</span> <span class='ocrx_word' id='word_1_286' title='bbox 996 2465 1144 2511; x_wconf 79' lang='grc' dir='ltr'>ἔχοντας</span> <span class='ocrx_word' id='word_1_287' title='bbox 1174 2461 1432 2516; x_wconf 61' lang='grc' dir='ltr'>ἀγωνίζεσθαι.</span> 
     </span>
    </p>
   </div>
  </div>
 </body>
</html>
