1836 2828
786 146 1058 186 „12-

351 277 394 327 a)
431 277 521 316 Sine
549 277 732 316 subiecto.
788 277 979 320 Persona,
1010 288 1112 326 quae
1140 279 1274 326 curat,
1304 276 1461 327 ponitur
1487 276 1527 315 in
1557 275 1625 315 da-

220 347 321 395 tivo;
350 347 548 387 notionem
577 346 671 396 eius,
700 346 749 386 de
777 358 855 397 quo
883 357 979 386 cura
1008 345 1226 397 adhibetur,
1256 345 1402 386 indicat
1430 345 1470 398 α)
1500 348 1622 396 genet.

220 417 259 468 β)
287 418 366 471 περί
393 429 482 457 cum
512 421 634 465 genet.

352 486 391 537 α)
449 487 497 526 Vl
529 488 590 536 19,
624 487 671 526 11
702 493 788 541 νηοῦ
817 481 849 526 δ’
871 486 1049 541 ἡμετέρου
1076 480 1243 540 Διδύμοις
1263 486 1317 538 (=
1332 486 1368 525 ὲν
1396 485 1458 538 Δ.)
1486 484 1626 524 ἄλλοισι

226 556 374 610 μελήσει
404 557 619 606 (oraculum
649 556 809 606 Delph.).
846 557 884 606 β)
912 557 963 595 Vl
995 557 1083 606 101,
1112 558 1137 595 8
1166 558 1199 595 εἴ
1223 571 1295 601 κως
1314 550 1354 594 δὲ
1374 550 1625 609 διαφυλάξαιεν

220 627 270 665 τὰ
297 628 434 676 τείχεα,
463 627 596 665 τούτου
624 639 684 680 σφι
711 627 788 680 πέρι
818 629 944 680 ἔμελε,
986 627 1068 666 VIII
1097 627 1161 676 65,
1202 628 1256 666 30
1282 627 1360 680 περὶ
1390 620 1430 665 δὲ
1457 630 1625 680 στρατιῆς

219 691 331 752 τῆσδε
359 697 477 737 θεοῖσι
505 696 663 752 μελήσει,
693 698 774 737 VIII
806 699 866 744 19,
900 698 949 737 13
978 692 1127 753 κομιδῆς
1148 691 1188 736 δὲ
1205 698 1284 752 πέρι
1306 696 1373 752 τὴν
1401 697 1494 752 ὥρην
1522 699 1624 746 αὐτῷ

224 768 390 823 μελήσειν
406 769 450 820 ¹),
481 771 577 808 ὥστε
605 769 743 814 ἀσινέας
772 769 971 808 ἀπικέσθαι
1000 770 1034 814 ἐς
1060 767 1128 822 τὴν
1157 763 1332 807 Ἐλλάδα.

351 840 389 891 b)
444 841 775 891 Impersonaliter3
816 841 978 880 subiecti
1006 840 1091 881 vice
1119 840 1289 889 fungitur
1322 838 1362 891 α)
1392 839 1545 890 infinit.,
1584 838 1624 890 β)

221 913 465 951 enuntiatum
494 912 779 951 secundarium.

351 981 391 1032 α)
421 981 457 1020 V
485 982 550 1030 98,
585 982 744 1021 12—14
773 984 852 1035 ὑμῖν
881 980 1028 1035 παρέχει
1058 980 1245 1032 σώζεσθαι
1273 981 1330 1019 ἐπὶ
1355 978 1424 1034 τὴν
1451 979 1624 1034 ὑμετέρην

219 1053 353 1089 αὐτῶν·
393 1051 495 1104 μέχρι
523 1051 588 1104 μὲν
615 1050 808 1105 θαλάσσης
836 1054 973 1089 αὐτοῖσι
1001 1054 1098 1104 ὑμῖν,
1139 1051 1182 1089 τὸ
1212 1045 1251 1089 δὲ
1281 1051 1352 1089 ἀπὸ
1379 1051 1512 1088 τούτου
1539 1052 1623 1103 ἡμῖν

218 1115 288 1175 ἤδη
318 1119 465 1175 μελήσει
494 1121 563 1173 (so.
593 1121 703 1175 ὑμέας
731 1121 931 1173 σώζεσθαι)
947 1121 991 1173 2),
1024 1121 1104 1161 VIII
1133 1122 1185 1161 68
1208 1121 1250 1172 β,
1284 1121 1333 1161 12
1362 1114 1445 1159 οὐδέ
1473 1133 1532 1175 σφι
1561 1133 1624 1175 με-

219 1191 321 1246 λήσει
347 1192 415 1245 πρὸ
442 1197 515 1230 τῶν
545 1190 734 1246 Ἀθηνέων
762 1193 987 1246 ναυμαχέειν.

303 1363 324 1404 ¹)
349 1363 419 1396 V111
443 1363 494 1401 19,
520 1362 571 1395 13.
612 1362 800 1396 Statuimus
823 1362 889 1395 hoc
918 1363 994 1395 loco
1017 1361 1111 1405 μέλειν
1133 1362 1209 1395 sine
1232 1362 1384 1395 subiecto
1408 1365 1621 1404 usurpatum.

351 1422 476 1465 Κομιδῆς
506 1423 532 1453 δ.
556 1431 587 1452 π.
612 1420 735 1464 pendet
758 1421 802 1454 ab
834 1421 891 1454 inf.
916 1420 1057 1465 μελήσειν,
1087 1419 1137 1462 τὴν
1159 1421 1237 1464 ὥρην
1259 1421 1396 1454 adverb.
1414 1438 1445 1450 =
1462 1422 1622 1464 temperi;

352 1491 384 1515 v.
408 1481 566 1515 Herodot.
590 1482 617 1514 Π
641 1482 678 1521 2,
712 1481 753 1514 12
777 1480 827 1522 τὴν
849 1480 928 1523 ὥρην
953 1479 1104 1524 ἐπαγινέειν
1135 1492 1185 1523 σφι
1207 1477 1289 1524 αἶγας
1312 1480 1373 1524 (τὸν
1395 1481 1535 1524 ποιμένα),
1567 1482 1623 1515 vll

351 1541 404 1581 50,
428 1541 471 1573 22
493 1540 572 1583 ὥρην
587 1551 619 1571 τε
640 1543 693 1571 τοῦ
715 1539 793 1576 ἔτεος
815 1539 973 1581 καλλίσιην
995 1539 1193 1582 πορευόμεθα,
1217 1540 1268 1581 τὴν
1288 1539 1396 1583 ὡραίην
1419 1541 1470 1579 IV,
1495 1541 1546 1578 28,
1572 1540 1624 1573 12.

350 1599 508 1642 Xenoph.
533 1599 610 1633 Oec.
637 1599 689 1639 17,
721 1600 738 1633 1
763 1599 814 1641 τὴν
844 1599 922 1642 ὥραν
954 1599 1082 1643 σπείρειν.
1117 1600 1295 1634 ΥΒιειιιιεῐιιίει
1318 1610 1480 1642 expressa
1512 1600 1621 1634 hisce:

350 1659 429 1690 ὥστε
452 1658 562 1695 ἀσινέας
584 1657 642 1690 ιιι-ἑ.
668 1660 919 1692 continentibus
942 1669 1000 1699 ea,
1034 1669 1120 1700 quae
1144 1669 1185 1691 ex
1210 1660 1425 1701 praecedenti
1448 1660 1623 1692 enuntiato

350 1721 547 1760 sequuntur,
572 1719 744 1761 superflua
767 1722 819 1752 est
842 1718 963 1761 potius,
989 1728 1091 1760 quam
1116 1719 1321 1752 necessaria.
1347 1717 1465 1752 Omnis
1489 1719 1541 1751 vis
1565 1719 1623 1753 tri-

350 1778 464 1811 buitur
495 1779 607 1811 verhis
640 1779 758 1821 κομιδῆς
780 1780 806 1809 δ.
831 1789 861 1809 π.
886 1790 912 1810 τ.
937 1778 1023 1821 ὥρην.
1069 1779 1146 1812 Non
1177 1779 1261 1811 mihi
1292 1782 1406 1811 tamen
1431 1779 1497 1812 hoe
1520 1778 1621 1812 modo

351 1838 568 1880 explanatam
600 1839 884 1871 constructionem
916 1839 1119 1881 praeferenti
1142 1839 1178 1871 in
1201 1838 1316 1871 animo
1340 1841 1392 1872 est
1413 1849 1546 1880 negare,
1570 1850 1622 1882 με·

349 1897 446 1937 λήσειν
475 1898 657 1930 Baehrium
689 1898 775 1930 bene
806 1899 930 1930 referre
961 1898 1005 1930 ad
1036 1898 1225 1930 subiectum
1249 1897 1299 1938 ἣν
1321 1898 1398 1940 ὥρην
1420 1898 1466 1931 ita
1480 1924 1487 1938 ‚
1520 1901 1557 1931 ut
1579 1898 1623 1931 sit

354 1967 477 1990 sensus
503 1957 587 1990 »sibi
610 1960 744 1999 tempus
767 1957 957 1999 (redeundi)
980 1967 1083 1990 curae
1106 1958 1257 1990 futurum
1280 1967 1375 1990 esse«
1413 1960 1446 1990 et
1476 1961 1547 1990 tum
1570 1969 1622 1989 κο-

350 2017 432 2058 μιδῆς
456 2017 482 2047 δ.
499 2027 529 2046 π.
554 2017 639 2049 verti
664 2016 787 2048 debere
813 2017 923 2057 »quod
946 2016 1076 2049 adtinet
1099 2016 1142 2049 ad
1166 2016 1330 2049 reditum«
1358 2017 1411 2055 (cf.
1428 2016 1550 2049 Herod.
1568 2017 1622 2050 VII

352 2075 424 2116 102,
450 2076 500 2108 15.
533 2077 581 2108 De
605 2076 733 2118 republ.
758 2076 879 2108 Athen,
904 2076 962 2115 III,
994 2076 1013 2117 g
1039 2075 1087 2117 1);
1120 2075 1164 2107 ad
1188 2076 1473 2108 constructionem
1496 2075 1623 2123 μελήσειι

349 2135 427 2167 ὥστε
450 2135 687 2169 illustrandam
713 2135 838 2177 profert
862 2135 984 2168 Abicht
1006 2135 1118 2167 locum
1142 2135 1371 2168 Herodoteum
1396 2135 1449 2175 IX,
1473 2136 1516 2168 72
1539 2135 1624 2178 μέλεν

349 2204 398 2236 μοι
422 2192 475 2233 ὅτι,
500 2194 555 2226 cui
579 2193 703 2226 addam
727 2194 871 2226 alterum
896 2193 1047 2236 Xenoph.
1066 2193 1140 2236 Cyr.
1158 2194 1188 2234 6,
1209 2194 1238 2234 3,
1257 2193 1298 2226 19
1320 2192 1391 2225 πάνυ
1414 2204 1463 2237 μοι
1486 2192 1623 2237 ἐμέλησεν

350 2253 427 2284 ὥστε
449 2241 558 2284 εἰδέναι.
600 2252 666 2285 Sed
690 2253 792 2286 etiam
817 2253 1087 2295 impersonaliter
1110 2254 1317 2288 constructio
1341 2254 1445 2287 huius
1468 2254 1622 2288 enuntia-

350 2313 452 2347 tionis
475 2313 583 2355 accipi
606 2316 733 2356 potest:
765 2313 882 2357 κομιδῆς
905 2314 931 2345 δ.
955 2324 986 2345 π.
1014 2314 1124 2356 »quod
1147 2314 1191 2347 ad
1216 2314 1362 2348 reditum
1386 2317 1547 2357 spectat«,
1572 2313 1623 2356 τὴν

351 2374 428 2417 ὥρην
450 2389 482 2401 =
506 2384 575 2407 acc.
602 2377 713 2416 temp.‚
738 2373 870 2417 μελήσειν
891 2374 968 2406 ὥστε
989 2373 1048 2406 xte-

302 2434 327 2473 2)
352 2433 379 2466 V
402 2433 460 2473 98,
493 2433 631 2466 12—14.
677 2433 911 2474 Aristagoras.
943 2436 1107 2475 tyrannus
1130 2434 1252 2472 Mileti,
1284 2434 1431 2476 legatum
1454 2433 1556 2467 mittit
1578 2433 1621 2467 ad

350 2493 522 2534 Paeonas,
554 2493 611 2535 qui
635 2493 670 2526 in
693 2496 896 2536 potestatem
926 2493 1099 2536 Megabazi
1132 2494 1258 2527 redacti
1289 2494 1468 2535 Phrygiam
1497 2494 1620 2527 incole-

346 2553 445 2593 bant,
480 2557 516 2586 ut
545 2553 725 2585 consilium
756 2553 797 2585 iis
828 2553 1004 2595 praeberet
1034 2553 1214 2586 occasione
1247 2553 1325 2586 data
1357 2553 1547 2586 revertendi
1578 2553 1612 2585 in
