1836 2828
808 58 1054 97 ...2—

226 184 358 233 ἔξεστι,
389 186 529 239 πμέπει,
561 183 748 235 ἀδύνατον,
779 191 960 237 apparet,
990 187 1130 226 sufficit
1157 188 1247 233 etc.‚
1277 196 1378 234 quae
1407 196 1485 223 non
1514 184 1628 233 plane

223 257 505 307 intelleguntur,
552 257 626 296 nisi
661 259 869 297 coniuncta
911 270 1000 297 cum
1043 258 1120 296 alia
1162 257 1351 296 orationis
1393 259 1504 305 parte
1545 255 1627 294 sive

223 338 409 376 expressa
447 327 529 365 sive
567 339 589 366 e
626 331 810 366 contextu
838 328 1024 366 elicienda
1041 327 1081 376 ¹).
1139 327 1305 365 Necesse
1333 330 1392 365 est
1420 329 1626 373 statuatur,

221 408 337 447 posse
365 401 521 437 exstare
550 409 592 437 re
621 410 715 438 vera
743 398 945 438 enuntiata
984 398 1076 437 nulli
1106 410 1260 438 annexa
1290 398 1476 447 subiecto,
1521 395 1625 446 quod

223 453 398 517 quidem*
417 468 543 507 elucet
579 480 625 507 ex
666 469 834 507 naturali
869 469 1146 517 cogitationum
1175 471 1399 506 nostrarum
1429 477 1625 516 processu,

222 551 270 578 ex
300 539 516 578 rationibus
554 539 846 589 psychologiae,
888 544 932 578 ut
969 540 1023 579 ita
1061 540 1209 589 dicam,
1251 538 1302 577 ad
1331 550 1429 588 quas
1458 537 1626 576 indolem

222 609 412 648 sermonis
450 621 638 649 revocare
675 610 881 657 debemus;
926 615 1042 659 atque
1070 609 1157 649 licet
1195 609 1234 647 in
1272 609 1426 658 syntaxi
1455 607 1625 646 cuiusvis

223 680 377 727 linguae
414 680 560 727 logicae
598 680 699 728 leges
738 680 980 728 cagitationis
1017 681 1175 718 minime
1215 679 1440 728 plerumque
1469 689 1627 727 respon-

224 749 342 789 deant
370 749 517 798 legibus
552 751 833 800 grammaticis,
873 754 1005 790 tamen
1034 750 1173 800 etiam,
1211 750 1276 800 qui
1313 749 1449 789 studiis
1487 749 1626 798 logices

224 832 385 869 operam
404 824 563 872 navant,
594 821 666 859 viri
694 821 797 859 docti
826 822 938 870 Kant,
968 821 1146 870 Herbart,
1173 822 1370 860 Brentano
1398 820 1626 868 concedunt,

222 902 308 931 esse
336 903 379 931 re
397 903 491 931 vera
520 891 672 941 iudicia,
701 904 802 941 quae
821 904 900 931 uno
921 892 1095 932 membro
1116 891 1333 942 (orationis)
1353 891 1626 930 contineantur

224 962 482 1011 (eingliedrige
502 962 677 1012 Urteile);
698 974 815 1011 quam
837 963 1057 1011 opinionem
1078 974 1167 1000 cum
1188 962 1400 1012 proferunt,
1422 962 1624 1000 nobiscum

223 1033 466 1083 apertissime
504 1032 670 1082 faciunt,
710 1032 901 1072 defectum
929 1033 1093 1072 subiecti
1120 1033 1159 1072 in
1188 1033 1518 1072 enuntiationibus
1547 1044 1625 1072 non

221 1103 492 1152 impugnantes
521 1103 624 1153 (vide
652 1103 705 1141 sis
734 1103 952 1152 Miklosich,
982 1103 1075 1141 Sub.
1107 1101 1148 1141 S.
1180 1115 1216 1152 p.
1247 1103 1436 1151 21—22).

354 1174 434 1212 lam
473 1173 622 1223 antiqui
661 1173 732 1212 viri
767 1173 869 1212 docti
898 1173 949 1212 ad
977 1185 1044 1223 ea,
1083 1174 1131 1213 de
1159 1174 1300 1223 quibus
1329 1173 1465 1222 agitur,
1506 1184 1626 1212 enun-

223 1244 319 1283 tiata
348 1244 603 1283 attendebant
631 1244 824 1292 animum;
864 1256 910 1283 ex
941 1245 1220 1284 recentioribus
1249 1245 1464 1284 subiectum
1495 1245 1534 1282 in
1562 1245 1626 1282 iis-

223 1315 312 1354 dem
341 1315 423 1354 sine
452 1315 570 1353 dubio
599 1315 734 1354 deesse
762 1316 1012 1354 statuendum
1041 1316 1279 1355 contendunt
1307 1316 1433 1365 Heyse
1467 1315 1623 1365 (Lehrb.

223 1385 260 1424 d.
291 1385 465 1424 deutsch.
497 1386 581 1435 Spr.
611 1389 649 1425 et
677 1386 831 1435 System
860 1386 896 1424 d.
918 1386 1148 1435 Sprachw.)‚
1177 1386 1212 1424 J.
1234 1385 1382 1424 Grimm
1413 1385 1624 1434 (Worterb.

225 1455 261 1504 3,
292 1456 410 1503 1112)
439 1459 477 1494 et
506 1455 576 1494 Th.
599 1455 742 1504 Benfey
772 1457 955 1504 (Gotting.
978 1457 1048 1503 gel.
1070 1456 1225 1503 Anzeig.
1252 1456 1364 1504 1865,
1397 1456 1625 1503 1778—92)

223 1525 263 1563 in
291 1525 516 1565 recensione
553 1525 593 1563 F.
626 1525 852 1564 Miklosichii
892 1525 1173 1565 dissertationis
1208 1526 1299 1565 »Die
1326 1525 1456 1565 Verba
1485 1527 1626 1575 imper-

223 1607 306 1634 son.
337 1596 376 1634 in
405 1596 441 1634 d.
472 1596 568 1635 slaV.
596 1597 706 1646 Spr.«
741 1596 852 1644 (XIV.
875 1601 901 1635 t.
925 1597 1109 1635 Actorum
1129 1596 1329 1646 phil.-hist.
1352 1597 1486 1635 classis
1505 1596 1625 1635 Acad.

222 1666 290 1705 litt.
321 1666 486 1706 Vindob.
520 1667 652 1717 1865).
697 1667 770 1707 Sed
802 1667 838 1705 in
869 1656 1095 1706 difficillima¹
1118 1667 1181 1706 illa
1209 1667 1436 1718 quaestione
1464 1667 1622 1706 maximi

223 1742 282 1777 est
309 1739 495 1777 momenti
532 1738 742 1788 disputatio
779 1739 1006 1777 Miklosichii
1036 1739 1152 1777 modo
1181 1738 1321 1788 allata,
1364 1751 1481 1788 quam
1521 1739 1625 1787 prin—

221 1820 313 1859 ceps
341 1808 571 1859 philologiae
598 1809 766 1848 slavicae
795 1813 950 1848 auctam
980 1809 1303 1859 emendatamque
1331 1813 1470 1849 iterum
1506 1808 1624 1848 edidit

223 1879 479 1918 Vindobonae
498 1891 532 1917 a.
555 1879 658 1917 1883
689 1879 975 1928 inscripsitque:
1010 1880 1273 1926 ›Subjectlose
1300 1880 1454 1918 Same«.
1492 1879 1626 1918 Miklo-

221 1949 303 1988 sich
333 1949 436 1989 enim
465 1950 612 1999 primus
641 1949 831 1997 sagaciter
860 1950 1126 1999 subtiliterque
1155 1950 1195 1988 in
1227 1950 1493 2000 quaestionem
1522 1949 1625 1989 hanc

306 2099 326 2137 ¹)
353 2098 488 2130 Veteres
511 2098 750 2138 grammaticos
775 2098 880 2130 secuti
904 2098 1061 2140 permulti
1086 2099 1312 2131 recentiorum
1335 2109 1443 2140 usque
1466 2099 1510 2132 ad
1526 2100 1619 2132 hunc

352 2156 441 2189 diem
466 2160 645 2197 utramque
669 2157 814 2189 classem
838 2157 960 2189 harum
992 2158 1263 2190 enuntiationum
1297 2168 1365 2191 uno
1394 2159 1530 2191 nomine
1564 2159 1625 2191 im-

352 2216 583 2257 personalium
608 2216 908 2257 comprehendunt.
955 2217 1061 2249 Priori
1090 2217 1191 2250 classi
1225 2227 1350 2250 nomen
1372 2218 1624 2252 enuntiatorum

352 2275 504 2308 subiecto
533 2276 742 2317 privatorum
773 2276 989 2318 (subjectlose
1020 2277 1130 2317 Satze)
1158 2277 1323 2320 imposuit
1352 2277 1472 2320 Heyse,
1504 2278 1624 2314 Lehrb.

295 2329 304 2337 ’
352 2334 382 2368 d.
408 2335 559 2368 deutsch.
585 2336 658 2379 Spr.
675 2337 687 2369 Ι
704 2337 769 2369 660
793 2347 939 2379 eumque
955 2337 1062 2370 secuti
1078 2341 1158 2371 sunt
1173 2337 1325 2378 Herbart,
1350 2337 1623 2380 Trendelenburg

352 2399 384 2428 et
407 2396 602 2436 Miklosich,
634 2397 713 2429 trita
736 2397 827 2430 enim
851 2397 978 2430 locutio
1004 2398 1128 2430 »verba
1151 2398 1412 2440 impersonalia«
1435 2408 1503 2431 non
1527 2399 1620 2431 omni

354 2465 395 2487 ex
418 2459 513 2497 parte
537 2456 714 2498 probanda
737 2457 881 2490 videtur.
907 2457 953 2490 Cf.
979 2458 1176 2497 Miklosich,
1201 2458 1280 2494 Sub.
1307 2458 1339 2491 S.
1364 2468 1394 2500 p.
1418 2459 1449 2491 3.
