1836 2828
784 123 1054 163 -11-

224 252 349 290 tiones
376 252 452 291 hae
479 252 847 296 circumscribuntur
874 253 997 291 verbo
1014 251 1181 305 γίνεσθαι
1198 254 1237 290 et
1255 251 1501 290 substantivo
1537 252 1622 299 (πε

224 322 375 371 verbi«)
416 323 586 361 eiusdem
615 323 776 371 radicis,
814 334 916 372 quae
942 323 981 361 in
1009 323 1131 362 verbo
1158 325 1324 361 naturae
1351 321 1460 361 inoet.
1506 320 1621 360 Velut

226 389 354 444 βροντὴ
383 391 520 444 γίνεται
547 391 597 429 lV
625 391 691 442 28,
723 392 892 442 13—15,
930 391 1068 444 σεισμὸς
1095 404 1146 445 γ.,
1186 391 1236 430 IV
1265 391 1328 439 28,
1363 391 1424 440 16,
1452 388 1618 444 ἀστραπὴ

225 475 282 514 γ.,
320 461 373 500 IlI
402 462 474 510 86,
503 462 541 500 7.
582 461 636 501 Cf.
664 461 700 500 V
728 463 802 511 85,
830 463 966 501 8—9.
1004 463 1069 510 86,
1099 462 1160 501 24.
1203 462 1267 500 VII
1295 462 1359 511 42,
1388 462 1507 500 8—9.
1538 461 1619 500 VIII

229 531 298 581 12,
327 531 364 570 3.
404 532 477 580 64,
512 532 550 570 4.
609 532 855 571 personalem
892 533 1218 572 constructionem
1256 532 1366 571 verbi
1401 532 1515 581 σείειν,
1553 531 1620 570 VII

229 602 318 651 129,
347 602 398 640 26
427 601 521 646 ὅστις
549 601 618 654 γὰρ
647 601 778 654 νομίζει
807 596 1036 640 Ποσειδέωνα
1062 600 1130 655 τὴν
1158 607 1226 655 γῆν
1249 603 1350 640 σείειν
1378 604 1456 640 κτὲ.
1486 606 1619 652 postu-

225 672 319 712 lavit
348 684 472 712 nexus
500 672 791 712 sententiarum.
827 672 952 719 Quam
982 672 1299 712 consuetudinem
1329 673 1505 713 notiones
1533 685 1620 713 ver-

226 744 285 781 bis
321 748 486 782 naturae
522 742 768 782 inhaerentes
806 754 883 792 per.
912 744 1101 782 ambitum
1140 743 1349 782 verborum
1391 744 1617 792 exponendi,

225 824 470 853 communem
509 814 678 852 sermoni
715 825 853 861 graeco
882 814 1058 852 omnium
1085 816 1303 862 temporum
1342 814 1394 862 (v.
1424 812 1617 862 Theophr.

225 884 279 922 De
307 884 401 931 sign.
433 883 477 932 2,
517 884 540 922 7
569 882 699 937 θέρους
727 882 817 921 ὅθεν
854 881 898 921 ἂν
936 883 1115 936 ἀστραπαὶ
1148 883 1210 920 καὶ
1237 883 1379 936 βρονταὶ
1406 883 1555 936 γίνωται
1582 886 1622 922 et

224 966 291 1003 ea,
328 965 429 1003 quae
465 954 640 1003 protinus
676 958 892 1003 sequuntur
920 953 982 991 ἐὰν
1019 952 1084 1006 μὲν
1112 973 1147 984 ω
1175 951 1380 1006 ἀστράπτῃ)
1419 964 1542 1002 aeque
1575 965 1621 991 ac

227 1024 442 1063 Herodotus
470 1024 682 1062 adamawit
709 1024 916 1073 praecipue
943 1023 1197 1072 Thucydides,
1235 1034 1359 1072 eaque
1386 1022 1622 1072 periphrasis

223 1106 313 1132 cum
350 1094 449 1133 adeo
485 1094 784 1142 percrebruisset
821 1094 944 1132 effecit
980 1092 1165 1141 fortasse,
1203 1096 1246 1130 ut
1273 1093 1390 1131 etiam
1429 1092 1534 1141 apud
1562 1093 1622 1130 in-

225 1163 530 1211 geniosissimum
572 1163 755 1203 historiae
797 1161 887 1203 belli
933 1162 1249 1213 Peloponnesiaci
1295 1163 1524 1213 scriptorem
1569 1184 1619 1190 -—

225 1235 257 1272 si
294 1235 407 1273 fidem
445 1235 555 1273 dabis
591 1235 772 1284 Betanto,
813 1235 903 1274 LeX.
943 1234 1064 1273 Thuc.
1105 1257 1156 1262 —
1195 1246 1387 1283 nusquam
1430 1234 1620 1283 prodeant

224 1305 345 1343 verba
374 1304 444 1352 ὕει,
485 1303 700 1357 ἀστράπτει,
741 1305 872 1358 βροντᾷ
899 1305 1072 1344 subiecto
1100 1304 1284 1343 destituta
1313 1305 1363 1354 (V.
1392 1304 1432 1342 in
1459 1303 1535 1343 hoc
1563 1304 1615 1343 le·

225 1375 311 1413 xico
340 1386 455 1413 voces
484 1373 660 1427 ἀστραπή,
696 1368 800 1427 ὕδωρ,
840 1374 968 1425 ὐετός).
1026 1376 1076 1413 At
1102 1386 1180 1413 vox
1208 1375 1309 1412 σείειν
1336 1374 1419 1414 sine
1445 1375 1619 1414 subiecto

227 1457 298 1485 usu
327 1445 432 1484 venit
460 1445 564 1494 apud
593 1444 856 1495 Thucydidem
894 1444 944 1483 IV
973 1444 1024 1484 52
1061 1449 1127 1483 τοῦ
1155 1446 1266 1483 αὑτοῦ
1295 1444 1402 1498 μηνὸς
1430 1444 1619 1499 ἱσταμένου

226 1519 347 1554 ἔσεισε.
404 1517 443 1553 In
474 1516 684 1554 recentiore
711 1516 837 1563 lingua
868 1526 1008 1562 graeca
1034 1515 1253 1564 frequentes
1282 1519 1374 1554 sunt
1405 1516 1618 1554 locutionae

226 1585 414 1634 ἐνύκτωσε,
454 1585 534 1623 ὅσον
562 1585 606 1622 νά
634 1583 819 1638 ξημερώσῃ
850 1586 901 1635 (v.
930 1583 1150 1633 Miklosich,
1178 1585 1271 1624 Sub.
1298 1582 1335 1624 S.
1365 1597 1401 1634 p.
1432 1585 1513 1634 45),
1551 1585 1619 1624 Sed

225 1656 389 1694 fortasse
414 1655 575 1693 similem
623 1655 772 1693 dIcendi
815 1655 1004 1693 rationem
1047 1658 1196 1693 veteres
1239 1655 1375 1693 Graeci
1417 1655 1620 1702 Ignorave—

225 1729 335 1774 runt,
375 1737 462 1764 cum
492 1725 596 1775 apud
634 1737 701 1764 eos
738 1728 889 1765 exstent
926 1728 1097 1775 tantum,
1135 1724 1238 1775 quod
1276 1725 1418 1774 seiam,
1455 1725 1619 1764 circum-

225 1797 450 1846 scriptiones
488 1796 629 1835 harum
667 1797 887 1845 notionum,
924 1799 967 1834 ut
992 1795 1085 1834 illud
1123 1795 1293 1834 Platonis
1326 1796 1365 1833 in
1394 1795 1552 1834 Critone
1580 1807 1616 1844 p.

224 1868 277 1906 43
306 1880 331 1905 a
358 1865 381 1919 ἢ
409 1868 450 1904 οὐ
478 1866 555 1920 πρῲ
584 1869 637 1904 ἔτι
665 1866 779 1914 ὲστίνς
809 1869 847 1905 et
873 1866 1010 1904 similia
1039 1865 1141 1915 apud
1170 1865 1434 1914 Thucydidem
1463 1865 1525 1915 (cf.
1547 1866 1620 1905 Be-

224 1941 309 1976 tant
337 1949 365 1975 s.
395 1949 429 1975 v,
458 1936 593 1989 ἡμέρα,
633 1933 723 1985 νύξ).
781 1936 903 1982 Quem
932 1936 1134 1974 circuitum
1162 1935 1365 1984 eloquendi
1393 1935 1619 1984 saepissime

225 2007 442 2047 Herodotus
477 2006 654 2047 exhibet:
693 2006 728 2044 V
757 2006 821 2056 33,
850 2006 902 2045 23
931 2008 978 2050 ὡς
1005 2003 1068 2054 νὺξ
1096 2004 1260 2059 ἐγένετο,
1303 2005 1379 2043 VllI
1411 2004 1480 2055 12,
1521 2005 1540 2043 1
1571 2008 1620 2049 ὠς

225 2071 265 2115 δὲ
294 2077 440 2131 εὐφρόνη
471 2076 646 2130 ἐγεγόνεε,
677 2077 712 2116 V
729 2078 792 2127 56,
821 2078 845 2116 7
866 2080 914 2121 ὡς
941 2076 1054 2130 ἡμέρη
1084 2075 1227 2130 ἐγένετο
1254 2074 1421 2124 τάχιστα,
1452 2075 1502 2114 Vl
1526 2076 1617 2127 118,

225 2150 251 2186 4
279 2151 326 2192 ὡς
353 2147 467 2202 ἡμέρη
493 2146 652 2196 τάχιστα
680 2144 866 2201 ἐπέλαμψε
895 2146 948 2199 (=
960 2147 1042 2186 VIII
1073 2147 1133 2196 14,
1162 2146 1202 2196 3)
1231 2146 1312 2184 sim.

298 2279 341 2322 2.
371 2279 633 2333 Enuntiata‚
662 2291 780 2334 quae
808 2279 966 2323 verbis
993 2280 1125 2336 μέλειν,
1155 2279 1369 2335 μεταμέλειν
1397 2277 1537 2321 anImi

679 2350 871 2393 affectus
899 2350 1172 2403 exprimunt.

356 2439 403 2488 A)
440 2435 573 2477 Μέλειν
607 2451 746 2478 »curae
774 2451 881 2495 esse«
914 2438 1099 2489 triplicem
1129 2438 1199 2477 init
1226 2437 1331 2488 apud
1359 2436 1499 2478 Herod.
1530 2449 1620 2477 con-

224 2510 495 2551 structionem:
526 2510 568 2560 a)
596 2509 678 2548 sine
702 2509 885 2560 subiecto,
914 2508 952 2559 b)
972 2508 1279 2560 impersonalem,
1306 2508 1342 2558 c)
1362 2508 1617 2558 personalem.
