1836 2828
789 166 840 174 --
898 142 1058 185 32-

352 275 387 315 6.
428 272 595 329 Χωρέειν,
628 276 732 326 quod
760 276 861 316 idem
891 276 1080 324 significat
1108 280 1226 326 atque
1254 288 1380 327 comp.
1409 275 1620 331 προχωρέειν

226 359 432 397 »prospere
470 347 642 396 cedere«,
684 346 747 385 Vll
787 335 873 396 ῙΟβ,
910 348 935 385 8
974 345 1090 384 οὔκων
1129 346 1311 401 ἀμφοτέρῃ
1350 360 1409 401 σφι
1448 347 1620 402 ἐχώρησε.

224 417 323 457 Cum
352 418 548 457 subiecto:
587 419 632 457 III
660 418 734 467 42,
773 419 798 457 5
827 416 1057 471 χωρήσαντος
1086 412 1126 456 δέ
1154 421 1186 456 οἱ
1213 418 1364 467 τούτου,
1407 419 1440 457 V
1469 420 1532 469 89,
1575 420 1624 458 13

222 488 283 524 καί
311 500 371 540 σφι
398 487 573 541 χωρήσειν
601 488 650 525 τα
679 488 881 537 βούλονται.
913 488 1011 527 Cum
1033 488 1192 528 adverb.
1213 488 1247 526 V
1267 489 1332 537 49,
1367 489 1417 528 13
1445 489 1624 534 εὐπετέως

224 552 263 596 δὲ
292 561 372 612 ὑμῖν
399 564 519 597 ταῦτα
538 555 595 597 οἷά
613 572 656 598 τε
682 558 829 613 χωρέειν
858 559 944 608 ἐστί,
974 558 1055 598 VIII
1075 551 1166 612 683,
1198 560 1234 599 5.
1264 560 1309 598 llI
1330 559 1394 610 39,
1426 559 1475 599 12
1503 558 1624 598 πάντα

224 632 255 668 οἱ
285 630 419 683 ἐχώρεε
449 630 641 684 εὐτυχέως.

352 700 614 744 Adnotatio.
673 702 1003 752 Enuntiatiorum,
1050 714 1151 753 quae
1197 703 1271 742 sub
1312 703 1343 742 B
1386 702 1624 753 collegimus,

227 773 443 811 subiectum
486 785 571 812 esse
612 777 761 826 πρῆγμα
805 772 1034 825 (πρήγματα)
1078 775 1161 811 sim.
1199 773 1396 812 affirmant
1439 773 1624 812 Herodoti

224 842 464 893 interpretes.
509 842 564 882 Cf.
594 842 733 893 Baehr,
769 842 911 882 Abicht
940 842 1018 893 (Vll
1051 842 1127 883 158
1157 842 1335 897 κατέστη)
1363 847 1401 883 et
1429 842 1624 892 Schweig-

221 913 398 962 haueser,
428 914 521 953 Lex,
553 926 581 952 s.
613 927 648 951 v.
680 914 893 962 ἀποβαίνειν,
924 913 1148 952 κατιστάναι.
1188 914 1336 962 Quibus
1364 915 1624 964 adstipulatur

224 984 408 1023 Kuehner
435 985 459 1032 ξ
488 984 568 1023 352
598 985 634 1035 c)
664 998 700 1037 γ.
750 984 964 1023 Nobiscum
993 985 1108 1024 sentit
1144 985 1308 1034 Madvig.
1339 985 1447 1035 Synt.
1475 986 1500 1033 ξ
1529 986 1552 1023 7
1582 986 1624 1034 α)

221 1055 311 1093 adn.
342 1056 368 1093 4·
396 1055 435 1093 in
464 1055 694 1104 explicando
723 1055 844 1094 verbo
872 1061 1054 1108 προχωρεῖ
1080 1055 1182 1108 (μοι).

223 1167 267 1207 6.
297 1165 561 1218 Enuntiata,
592 1179 708 1220 quae
734 1166 940 1209 efficiunt
960 1167 1104 1209 verba
1132 1163 1373 1222 μεταὸοκέειν,
1403 1162 1621 1207 ἀποδοκέειν.

360 1255 389 1293 l.
422 1248 667 1293 Μεταὸοκέειν
702 1259 877 1294 »mutare
906 1256 1159 1295 sententiam«
1193 1256 1232 1294 in
1261 1256 1389 1294 activo
1417 1256 1500 1294 sine
1528 1256 1619 1294 sub-

220 1327 337 1365 iecto:
384 1319 555 1378 μετέδοξέ
584 1339 662 1378 μοι,
702 1325 752 1364 IV
781 1326 846 1377 98,
880 1326 931 1364 10
960 1325 1078 1364 ἐπείτε
1106 1327 1200 1363 οὕτω
1229 1319 1402 1378 μετέδοξε
1431 1327 1499 1375 (sc.
1530 1324 1622 1378 ἐμοί)

226 1397 433 1445 »quoniam
471 1398 510 1434 in
549 1396 650 1435 hanc
689 1400 838 1445 partem
879 1397 1026 1434 mutavi
1063 1396 1317 1435 sententiam«
1360 1395 1622 1446 (Schweigh.).

222 1466 255 1504 V
285 1456 375 1514 923,
413 1469 439 1504 4
468 1459 614 1503 δείσασα
643 1459 683 1503 δὲ
711 1463 761 1518 μή
791 1478 850 1518 σφι
878 1459 1061 1518 μεταδόξῃ
1101 1467 1161 1503 καὶ
1187 1466 1232 1504 τὸ
1262 1459 1424 1519 δεύτερον
1452 1465 1624 1514 λαβόντες

220 1536 264 1573 τὸ
292 1529 429 1573 παιδίον
459 1536 694 1573 ἀποκτείνωσι
722 1537 800 1573 κτὲ.
831 1536 1020 1575 Absolute
1038 1536 1155 1575 etiam
1175 1535 1239 1574 alii
1259 1535 1467 1585 scriptores
1487 1546 1621 1574 vocem

224 1606 326 1644 hanc
365 1609 574 1655 usurpant,
615 1606 718 1644 velut
756 1605 952 1645 Demosth.
992 1606 1079 1644 adV.
1119 1605 1315 1655 Leptinem
1355 1605 1408 1644 34
1445 1607 1496 1654 (p.
1527 1605 1623 1653 467)

222 1676 284 1715 ἐὰν
313 1675 448 1730 ἀκούσῃ
478 1675 574 1730 νόμῳ
603 1674 670 1730 τὴν
699 1675 866 1715 ἀτέλειαν
895 1679 985 1729 ὑμᾶς
1014 1675 1257 1730 ἀφῃρημένους
1285 1675 1394 1714 αὑτὸν
1423 1676 1484 1714 καὶ
1519 1668 1624 1729 μηδ’

222 1746 273 1785 ἂν
312 1741 559 1801 μεταδόξῃ
598 1747 688 1785 ποτὲ
725 1745 985 1800 ψηφισαμένους
1023 1745 1151 1796 ἐξεῖναι
1189 1741 1309 1785 δοῦναι
1343 1747 1431 1785 »ubi
1459 1747 1624 1785 audierit

222 1818 504 1858 immunitatem
542 1818 615 1857 sibi
654 1818 735 1867 lege
772 1830 841 1869 per
868 1830 939 1858 vos
969 1821 1142 1869 ereptam
1172 1821 1210 1858 et
1237 1830 1309 1857 vos
1338 1817 1554 1857 decrevisse
1581 1820 1625 1856 ut

222 1902 270 1929 ne
299 1891 340 1928 si
370 1890 642 1929 mutaretis
671 1890 872 1939 quidem
903 1890 1217 1929 sententiam
1256 1890 1457 1928 restituere
1484 1889 1619 1927 liceat«

221 1959 421 2009 (Voemel).
465 1960 559 1998 Plut.
589 1960 717 1999 Crass.
746 1960 798 1998 23
828 1962 953 1998 ἔπειτα
981 1953 1154 2012 μετέδοξε
1182 1959 1243 1996 καὶ
1271 1957 1485 2011 συναγαγὼν
1514 1958 1623 2010 ἀμφί-

219 2043 350 2082 στομον
379 2030 532 2083 ἐποίησε.
564 2030 801 2079 Synonyma,
832 2030 1085 2080 personaliter
1105 2033 1348 2068 constructa:
1377 2027 1622 2081 μεταβουλεύ-

219 2101 341 2147 εσθαι,
372 2100 651 2152 μεταγινώσκειν
680 2096 818 2140 Herod.
852 2100 916 2138 VII
950 2100 1009 2149 12,
1039 2103 1076 2139 8.
1107 2100 1143 2139 9.
1175 2099 1255 2138 VIII
1283 2100 1348 2148 57,
1383 2099 1443 2138 13.

355 2172 391 2210 2.
438 2165 666 2210 Ἀποδοκέειν
696 2171 778 2210 Sine
806 2171 980 2211 subiecto
1010 2171 1023 2209 Ι
1056 2170 1143 2220 172,
1173 2171 1309 2210 9—10
1336 2163 1554 2224 ἱδρυθέντων
1584 2163 1624 2208 δέ

220 2256 279 2296 σφι
318 2245 399 2296 ἱρῶν
438 2240 607 2290 ξεινικῶν,
648 2241 844 2295 μετέπειτα
882 2241 939 2286 ὥς
980 2254 1057 2295 σφι
1099 2240 1357 2293 (Καυνίοις)
1402 2234 1621 2290 ἀπέδοξε,

222 2308 359 2362 ἔδοξε
389 2307 437 2351 ’δὲ
455 2314 484 2362 ¹)
512 2319 602 2351 τοῖσι
629 2313 802 2366 πατρίοισι
830 2318 956 2366 μοῦνον
983 2312 1147 2366 χρᾶσθαι
1175 2313 1293 2351 θεοῖσι
1320 2313 1403 2350 κτλ.
1434 2305 1555 2363 (ἀπέὸ.
1581 2331 1622 2342 =

306 2483 328 2525 ¹)
352 2484 365 2515 l
390 2484 453 2516 172
477 2481 556 2521 ἔδοξε
578 2483 614 2523 δή
637 2483 733 2516 codd.
751 2483 843 2522 ABP,
868 2493 934 2515 om.
953 2482 987 2516 C.
1021 2482 1137 2515 Nexus
1153 2482 1397 2515 sententiarum
1421 2482 1571 2524 postulat
1593 2481 1626 2512 δέ

353 2552 414 2585 pro
430 2543 466 2583 δή
482 2543 524 2579 id,
550 2543 641 2585 quod
657 2542 725 2576 iam
743 2542 794 2575 ed.
811 2543 935 2575 Aldina
951 2542 1095 2576 exhibet.
1113 2541 1227 2583 Cobet,
1244 2542 1365 2575 Mnem.
1384 2552 1415 2575 n.
1434 2552 1460 2574 s.
1476 2540 1521 2573 XI
1536 2551 1568 2584 p.
1581 2540 1624 2573 96
