1836 2828
771 105 1046 158 4'53-

893 308 936 350 0.

356 412 389 451 1.
430 397 628 452 Adiectiva
656 413 827 452 verbalia
856 414 894 452 in
924 434 975 440 ——
1005 413 1065 457 τός
1089 414 1172 466 (lat.
1202 437 1255 442 —
1283 414 1382 462 bilis)
1411 413 1612 479 exeuntia:
1650 404 1663 410 β

348 484 386 529 α)
417 475 597 532 διαβατόν,
629 483 679 522 IV
709 484 796 528 195,
831 484 909 522 2-
913 484 938 521 3
971 484 1012 520 λέ
1000 497 1114 536 -γουσι
1142 498 1183 521 κε
1170 484 1294 522 ἐσθαι
1312 482 1416 544 νῆσον
1433 479 1455 522 ’.
1486 515 1494 522 .
1525 514 1533 522 .

216 558 362 606 υῆκος
355 552 420 590 υὲν
448 547 633 607 διηκοσίων
662 548 828 609 στκδίων,
857 552 1001 598 πλάτος
1032 548 1071 592 δὲ
1105 553 1253 607 στεινήν,
1284 549 1380 604 διαιΡ-
1373 555 1451 596 adv
1480 553 1531 592 ἐκ
1549 559 1614 607 τῆς

215 624 370 676 ηπείρου.
404 624 638 663 Brevitatem
668 624 818 664 dicendi
846 624 886 662 in
901 617 1083 684 διαβοιτόν
1112 636 1206 686 esse
1220 637 1290 674 pro
1319 625 1352 669 ἐς
1369 623 1435 678 τὴν
1465 619 1497 670 δ.
1528 626 1610 664 ani-

217 694 407 733 madverit
435 695 553 734 Stein.
583 695 816 734 Herwerden
845 695 1107 744 (Mnemosn.
1124 684 1154 733 s
1176 696 1244 733 ΧΠ
1273 696 1367 743 431)
1396 696 1615 744 suspicatur

215 768 306 804 ante
334 757 367 802 δι
371 763 504 813 231v6v
532 765 724 813 neglectas
753 777 839 805 esse
867 776 905 804 a
910 765 1069 804 librario
1088 765 1248 811 voculas
1278 765 1311 809 ἐς
1337 763 1415 817 τήν.
1445 765 1523 813 Ego
1553 766 1607 822 ni-

201 834 269 873 'hit
298 835 525 874 mutandum
554 836 741 884 existimo,
770 836 999 884 praesertim
1028 847 1118 873 cum
1129 839 1331 885 reputem,
1367 835 1614 884 compendio-

192 906 304 945 ἐιιπι
332 916 451 967 genus
479 905 645 944 dicendi
667 906 705 964 in
713 905 909 954 locorum
940 905 1263 954 descriptionibus
1292 917 1369 943 non
1398 917 1483 943 esse
1511 905 1609 943 inso—

214 975 296 1015 lens
314 975 387 1028 (cf.
418 964 512 1015 Xen.
544 976 614 1024 ΑΗ.
628 977 679 1025 4,
710 979 745 1024 8,
771 965 980 1014 91³:m332
1009 971 1050 1029 ἦν
1070 975 1145 1029 ‘3203
1165 989 1204 1012 υ.-
1199 978 1272 1028 ’.,γκ
1293 989 1382 1028 7:20·
1383 975 1493 1024 ’ἀκτὰν
1531 969 1582 1012 δέ·
1575 976 1615 1025 ·).

311 1045 383 1096 b)
413 1046 580 1096 ἐπιβατόν
609 1047 659 1085 lV
687 1047 751 1095 62,
783 1048 806 1085 7
836 1046 886 1084 τοὶ
904 1046 968 1099 μὲν
988 1060 1042 1099 τω.
1034 1047 1067 1084 ὀι
1085 1060 1158 1084 των
1178 1046 1307 1083 κώλων
1328 1046 1403 1083 ἐστὶ
1429 1045 1597 1098 ἀπότουκ

218 1117 316 1154 zzz-§t
354 1110 393 1154 δὲ
431 1117 475 1155 τὸ
513 1119 549 1155 ἓν
579 1117 746 1167 ἑπιβκτόν
786 1118 882 1156 »tria
911 1117 1034 1156 latera
1063 1121 1273 1166 praerupta
1301 1120 1401 1165 sunt,
1431 1122 1614 1165 quartum

217 1187 371 1237 acclive,
400 1199 468 1237 per
497 1188 600 1237 quod
629 1188 914 1228 adscendatur‹
949 1187 1072 1226 Valla.

349 1256 612 1300 Annotatio.
651 1258 682 1296 II
724 1259 810 1307 138,
850 1257 1005 1297 10-11
1039 1263 1106 1295 τοῦ
1144 1251 1175 1295 δ’
1204 1261 1275 1310 ἱροῦ
1310 1260 1350 1294 οὐ
1381 1256 1613 1310 κεκινημένον)

218 1331 266 1373 ὡς
295 1329 388 1381 ὰρχῆ
398 1329 459 1366 ἓεν
489 1326 657 1382 ἐποιήθη,
697 1328 845 1367 ἐσοπτὸν
874 1329 958 1367 ἐστι.
993 1327 1173 1366 Ἐσοπτον
1209 1328 1461 1378 (conspicum)
1490 1340 1541 1366 sc.
1570 1327 1614 1364 τὸ

218 1399 287 1453 ἱρόν
317 1400 377 1449 (cf.
406 1412 443 1438 v.
478 1401 502 1437 8
539 1400 583 1437 τὸ
611 1400 680 1453 ἱρὸν
708 1405 907 1453 καιτορᾶτκι
925 1399 1111 1438 πάντοᾶεν
1139 1399 1316 1452 περιιόντι)
1346 1399 1401 1437 Ex
1430 1399 1620 1438 versione,
1683 1440 1690 1445 ,

221 1470 374 1509 Baehrii
399 1474 527 1519 »patet
546 1474 799 1520 conspectus«
824 1474 862 1510 et
884 1471 1067 1518 Kruegeri
1093 1482 1206 1509 »man
1221 1470 1326 1509 kann
1347 1470 1610 1509 hinschauem

219 1540 375 1588 colligas
403 1543 552 1578 ἔσοπτον
580 1542 663 1580 sine
680 1541 855 1581 subiecto
883 1552 968 1581 esse
997 1541 1212 1580 adhibitum
1240 1541 1289 1590 id,
1317 1540 1421 1590 quod
1458 1552 1618 1590 prorsus

221 1614 279 1650 est
308 1610 459 1650 falsum.

353 1683 390 1721 2.
418 1682 617 1722 Adiectiva
644 1682 817 1722 verbalia
845 1683 884 1722 in
913 1704 965 1710 —-
993 1682 1073 1727 τέος
1101 1683 1289 1723 cadentia.
1320 1684 1374 1722 Ex
1401 1683 1616 1722 rationibus

222 1752 443 1802 syntacticis
480 1752 620 1791 harum
660 1753 873 1792 formarum
904 1765 1022 1792 unam
1052 1758 1202 1792 tantum
1231 1754 1306 1792 hoc
1334 1754 1419 1792 loco
1447 1765 1618 1792 comme-

223 1822 368 1861 morari
396 1823 495 1861 volo.
553 1823 593 1862 Si
622 1828 802 1862 neutrum
831 1824 1025 1872 (nominis)
1055 1825 1247 1863 obiectum
1277 1828 1335 1862 est
1363 1823 1524 1862 actionis
1553 1835 1617 1862 ex-

223 1904 380 1942 pressae
409 1904 477 1942 per
504 1898 628 1933 neutr.
659 1895 796 1934 adiect.
827 1894 994 1934 verbalis
1012 1906 1059 1933 ex
1080 1894 1201 1933 verbo
1221 1894 1422 1933 transitivo
1452 1894 1616 1932 formati-

223 1966 305 2001 tum
334 1963 509 2013 quaestio
537 1965 717 2013 exoritur,
755 1968 883 2003 utrum
913 1964 1147 2003 constructio
1176 1963 1348 2003 subiecto
1385 1964 1536 2013 privata
1565 1975 1616 2002 an

355 2158 520 2202 πρόσφορος
553 2157 673 2190 eodem
708 2157 809 2190 modo
835 2160 1036 2198 usurpatum
1070 2160 1122 2190 est
1152 2167 1254 2190 sensu
1285 2156 1442 2197 „similis‹
1468 2171 1499 2183 Ξ
1523 2167 1615 2199 προσ-

356 2217 441 2260 φερής
473 2217 564 2259 apud
598 2217 672 2249 Eur.
709 2218 833 2250 Phoen.
866 2217 928 2250 129
964 2216 1031 2260 οὐχὶ
1060 2218 1226 2260 πρόσφορος
1245 2219 1250 2258 1
1270 2215 1378 2259 ἁμερίῳ
1411 2216 1504 2259 γέννᾳ,
1528 2217 1616 2248 Plut.

354 2276 425 2309 Alc.
449 2277 499 2309 23.
524 2277 664 2309 Praeter
687 2277 752 2309 hoc
776 2277 968 2319 exemplum
992 2287 1127 2318 semper
1150 2277 1253 2310 utitur
1276 2276 1466 2309 Herodotus
1491 2276 1617 2317 signifi-

356 2336 487 2368 catione
520 2336 651 2369 »utilis“
682 2336 848 2369 adiectivo
878 2336 1044 2379 πρόσφορος
1074 2337 1128 2377 (tv
1152 2335 1202 2369 14.
1232 2337 1262 2367 3.
1294 2336 1350 2368 VII
1373 2336 1424 2374 20,
1454 2335 1497 2376 3).
1522 2335 1617 2367 Stein

357 2398 390 2428 et
404 2395 526 2428 Abicht
540 2395 719 2436 coniciunt,
737 2395 914 2437 pristinam
931 2395 1109 2428 lectionem
1135 2395 1240 2427 fuisse
1256 2394 1505 2437 προσφορέστερον
1528 2404 1619 2427 eam-

357 2464 422 2496 que
446 2454 648 2497 posteriores
679 2454 815 2497 (iudicio
846 2454 976 2497 Steinii)
1008 2457 1142 2497 propter
1165 2454 1375 2495 subsequens
1399 2452 1619 2497 προσφέρεσθαι

359 2525 391 2547 ν.
418 2515 459 2548 14
481 2514 675 2549 mutavisse.
