1836 2828
782 175 844 201 ,v—
902 152 1062 191 35—-

275 319 318 360 8.
374 316 748 361 Constructiones
777 315 982 360 subiecto
1012 316 1222 368 privatae
1250 317 1381 359 verbi
1411 325 1578 371 pvervm.

361 418 375 455 Ι
391 418 454 466 88,
480 415 636 455 13-14
655 408 758 453 οὐδὲν
777 414 846 468 γὰρ
866 414 944 469 ἐμοὶ
963 417 1016 454 ἐτι
1033 414 1174 453 τούτων
1192 414 1298 468 μέτα.
1321 416 1335 455 Ι
1354 416 1443 464 171,
1464 417 1624 456 27-28

230 493 296 528 τοῦ
325 486 412 540 (ἱροῦ
441 485 606 539 ἀρχαίου)
646 483 796 523 Μυσοῖσι
825 484 889 537 μὲν
919 486 980 522 καὶ
1007 478 1157 523 Λυδοῖσι
1185 485 1350 538 μέτεστι,
1390 487 1478 525 ibid.
1507 499 1544 524 v.
1574 487 1627 527 30

229 557 385 597 τούτοισι
413 555 477 611 μὲν
506 550 549 609 δὴ
579 555 736 609 μέτεστι,
766 568 803 596 v.
835 556 886 596 32
916 555 1072 595 τούτοισι
1100 549 1140 595 δὲ
1168 559 1209 595 οὐ
1237 556 1332 610 μέτα
1367 556 1436 607 (sc.
1466 559 1537 610 ἱροῦ
1567 558 1627 610 ἀρ-

231 627 365 683 χαίου).
395 627 430 665 V
459 628 522 676 61,
556 627 605 666 10
633 627 694 663 καί
721 639 780 680 σφι
806 625 862 680 ἱρά
889 626 964 665 ἐστι
984 626 1020 664 ἐν
1041 624 1218 680 Ἀθήνῃσι
1238 621 1413 681 ἱδρυμένα,
1433 633 1508 664 τῶν
1527 621 1627 665 οὐδὲν

232 699 325 752 με’τα
353 704 443 737 τοῖσι
473 700 622 736 λοιποῖσι
652 696 884 751 Ἀθηναίοισι.
928 698 963 736 V
992 699 1060 746 94,
1102 698 1260 738 12—13
1290 692 1558 742 ἀποδεικνύντες
1584 713 1627 737 τε

231 769 331 822 λόγῳ
369 762 470 806 οὐδὲν
508 770 647 822 μᾶλλον
679 767 841 806 Αἰολεῦσι
869 767 996 822 μετεὸν
1035 772 1099 821 τῆς
1129 762 1275 813 Ἰλιάδος
1303 768 1421 822 χώρης
1448 767 1470 822 ἢ
1500 771 1540 806 οὐ
1568 770 1629 807 καὶ

231 841 334 892 σφίσι.
393 839 505 886 Quod
534 839 585 878 ad
614 843 710 891 part.
740 839 950 889 praedicat.
981 838 1108 891 μετεὸν
1137 839 1282 879 adtinet
1311 839 1357 877 cf.
1388 840 1483 878 Xen.
1512 840 1624 879 Mem.

232 910 261 950 ΙΙ
290 911 326 959 6,
356 909 407 948 29
436 911 505 963 ὁρῶ
535 902 574 947 δὲ
602 910 663 947 καὶ
690 909 744 947 σοὶ
771 909 910 948 τούτων
939 902 1076 961 δεῆσον,
1107 908 1193 948 ὅταν
1223 908 1447 963 ἐπιθυμήσῃς
1474 912 1551 948 κτὲ.

363 980 638 1019 personaliter:
678 980 728 1018 VI
760 981 847 1029 107,
887 980 940 1019 20
967 979 1091 1017 ὁκόσον
1121 973 1160 1017 δὲ
1194 980 1230 1016 τί
1266 993 1325 1032 μοι
1362 980 1463 1033 μέρος
1499 985 1623 1033 μετῆν,

231 1052 250 1090 ὁ
271 1043 363 1090 ὀδὼν
391 1049 549 1103 μετέχει,
580 1049 645 1089 Vll
668 1050 756 1099 157,
788 1049 947 1090 12—13
976 1049 1036 1086 καὶ
1063 1048 1167 1103 μοῖρά
1194 1064 1250 1089 τοι
1276 1054 1342 1103 τῆς
1362 1045 1537 1095 Ἑλλάδος
1560 1053 1625 1088 οὐκ

233 1120 408 1173 ἐλαχίστη
438 1119 532 1173 μέτα
561 1119 708 1174 ἄρχοντί
735 1133 779 1175 γε
807 1118 969 1173 Σικελίης
996 1121 1073 1157 κτὲ.

364 1261 407 1302 9.
450 1260 746 1303 EnuntIatum
772 1261 1002 1303 notionem
1031 1261 1192 1303 mortis
1221 1261 1493 1313 exprimens.

362 1361 407 1398 ΙΙΙ
436 1361 508 1409 66,
547 1361 671 1399 3-5
709 1360 804 1412 μετὰ
832 1354 872 1398 ’δὲ
899 1366 1020 1398 ταῦτα
1048 1365 1096 1405 ὡς
1124 1360 1333 1414 ἐσφακέλισέ
1361 1374 1404 1398 τε
1431 1361 1475 1398 τό
1503 1360 1625 1398 ὀστέον

232 1430 293 1467 καὶ
320 1433 338 1468 ὁ
367 1430 473 1483 μηρὸς
500 1428 660 1483 τάχιστοι
689 1429 816 1483 ἐσάπη,
847 1429 1077 1483 ἀπήνεικε
1093 1431 1123 1480 ¹)
1153 1429 1364 1483 Καμβύσεα.

315 1600 336 1642 ι)
360 1601 402 1633 ΙΙΙ
424 1600 476 1640 66,
499 1600 586 1632 3-5
609 1625 617 1632 .
635 1625 642 1632 .
667 1599 770 1641 ἐσάπη,
793 1599 944 1643 ἆπήνεικε].
969 1601 1061 1634 Haec
1083 1604 1134 1634 est
1156 1600 1323 1642 scriptura
1347 1601 1509 1634 librorum
1532 1611 1626 1642 mss„

362 1669 464 1701 quam
487 1660 589 1693 etiam
613 1660 804 1693 testimonio
835 1660 1013 1694 confirmat
1044 1660 1222 1694 Erotianus
1255 1660 1303 1693 ‹in
1332 1661 1449 1701 fragm.
1473 1660 1571 1694 LXVI
1595 1671 1625 1702 p.

364 1719 403 1753 21
429 1719 559 1760 Klein),
583 1719 648 1752 nisi
671 1720 761 1760 quod
784 1720 839 1753 hic
862 1720 898 1752 in
920 1730 951 1753 v,
976 1721 997 1753 3
1020 1719 1093 1763 μετά
1107 1739 1145 1745 -
1160 1720 1183 1753 4,
1204 1718 1297 1761 ἐσάπη
1320 1730 1380 1762 pro
1404 1718 1420 1751 ὁ
1444 1721 1534 1763 μηρός
1550 1720 1628 1761 legit

364 1777 379 1809 ὁ
402 1777 505 1820 μυελός
528 1781 561 1811 et
584 1788 644 1819 pro
668 1776 771 1820 ἐσάπη,
794 1777 925 1820 ἐνεσὰπη.
949 1780 1142 1813 Lectionem
1167 1778 1289 1822 ὅμηρός
1311 1779 1509 1821 comprobat
1531 1779 1627 1812 Gale-

362 1848 427 1870 nus
458 1837 502 1871 ad
533 1838 680 1879 Hippoer
714 1838 838 1879 Aphor.
863 1849 893 1880 p.
917 1839 982 1870 323
1012 1839 1133 1872 Basil.:
1167 1839 1244 1870 οὔτω
1271 1841 1341 1881 γοῦν
1370 1849 1420 1881 μοι
1442 1839 1519 1870 δοκεῖ
1540 1837 1588 1869 καὶ
1611 1837 1626 1869 ὁ

364 1897 522 1939 Ἡρόδοτος
545 1895 594 1928 τὀν
616 1896 708 1940 μηρὸν
730 1896 866 1940 εἰρηκέναι
889 1896 939 1929 τὸν
961 1898 1118 1940 Καμβύσου
1142 1897 1374 1940 σφακελίζεσθαι.
1420 1898 1468 1931 Cf.
1493 1908 1626 1939 quoque

362 1956 560 1991 memoriam
584 1956 680 1990 codd.
704 1957 779 1990 loco
803 1957 924 1991 Herod.
948 1958 989 1993 VI
1014 1957 1095 1999 136,
1129 1957 1257 1992 14-15
1288 1956 1445 1999 Μιλτιάδης
1474 1956 1525 2000 μὲν
1548 1955 1626 2000 μετὰ

364 2019 454 2049 ταῦτα
477 2015 700 2059 σφακελίσαντός
715 2028 746 2048 τε
761 2019 813 2048 τοῦ
836 2020 930 2060 μηροῦ
944 2016 992 2048 καὶ
1015 2017 1153 2054 σαπέντος
1176 2017 1303 2059 τελευτᾷ.
1350 2018 1443 2059 Quae
1474 2027 1551 2050 cum
1580 2017 1626 2050 ita

363 2076 446 2114 sint.
476 2075 601 2110 iniuria
624 2076 728 2109 Cobet
755 2076 890 2117 (Mnem.
914 2087 945 2109 n.
971 2087 996 2109 s.
1021 2077 1064 2110 XI
1088 2077 1272 2118 286—287)
1303 2077 1406 2110 verba
1427 2075 1475 2107 καὶ
1497 2075 1513 2107 ὁ
1536 2075 1626 2123 μηρὸς

363 2134 487 2177 τάχιοτα
510 2133 604 2176 ἐσάπη
625 2135 828 2176 interpolata
843 2136 1023 2169 existimat.
1048 2136 1229 2177 (Particula
1243 2135 1275 2166 τέ
1290 2138 1366 2176 post
1388 2134 1500 2177 ἐσφακ,
1524 2145 1626 2175 quam

363 2194 468 2228 Cobet
490 2204 567 2228 cum
591 2194 621 2227 R
644 2193 749 2234 delet,
782 2194 900 2229 nititur
921 2194 988 2228 fide
1010 2195 1149 2228 maioris
1173 2195 1277 2236 partis
1300 2194 1479 2234 librorum,
1509 2204 1626 2235 quam-

366 2263 467 2295 quam
492 2253 603 2288 scriba
627 2263 703 2287 eam
726 2253 860 2286 facilius
884 2253 1038 2288 omittere
1061 2253 1103 2296 (τε
1125 2253 1197 2296 τοῦ),
1228 2264 1329 2294 quam
1353 2253 1485 2286 adicere
1509 2253 1625 2294 potuit.

363 2313 470 2346 Simili
501 2323 614 2346 errore
650 2313 826 2347 oculorum
856 2312 980 2346 excidit
1010 2313 1042 2344 τέ
1072 2316 1149 2354 post
1173 2312 1394 2355 σφακελίσαντος
1424 2313 1466 2346 VI
1497 2312 1560 2344 136
1591 2312 1626 2344 in

363 2372 440 2412 PR).
479 2371 625 2412 Ἀπήνεικε
646 2375 739 2404 earet
762 2372 923 2410 subiecto.
955 2371 1046 2412 quod
1069 2372 1103 2404 in
1127 2372 1229 2405 simili
1259 2382 1295 2404 re
1325 2372 1407 2403 alibi
1430 2371 1623 2405 Herodotus

363 2441 431 2464 non
454 2430 617 2473 neglexit:
647 2431 688 2464 VI
719 2431 770 2471 27,
802 2430 902 2463 5-6
926 2430 991 2467 τοὺς
1013 2428 1045 2462 δὲ
1068 2446 1098 2457 νυ
1122 2428 1224 2473 λοιμὸς
1246 2428 1402 2471 ὑπολαβὼν
1423 2428 1563 2470 ἀπήνεικε,
1595 2440 1626 2462 v.

363 2491 432 2525 VIII
456 2490 519 2523 115
542 2493 575 2524 et
602 2490 746 2524 Pausan.
771 2490 814 2523 IX
830 2491 860 2530 7,
883 2491 905 2522 3
927 2489 977 2521 tbv
998 2490 1194 2531 πρεσβύτατον
1215 2506 1247 2515 ν
1271 2488 1417 2533 ἀπήγαγεν
1439 2490 1629 2531 ὑπολαβοῦσα

363 2550 448 2586 νόσος
472 2548 625 2593 φθινώδης.
672 2549 881 2592 Quapropter
911 2549 975 2581 viri
1004 2548 1094 2583 docti
1124 2549 1220 2583 varia
1243 2548 1394 2582 subiecta
1424 2548 1469 2582 ad
1498 2546 1628 2589 ἀπήνεικε
