1836 2828
783 154 1055 194 ...54-

218 282 433 333 personalis
463 283 512 321 sit
540 282 759 322 statuenda.
817 282 968 332 Struve,
997 282 1063 332 qui
1091 282 1130 321 in
1158 281 1475 336 haecadiectiva
1503 295 1619 322 accu-

218 355 340 392 ratius
369 354 597 403 inquirebat,
627 357 739 400 negat
770 353 873 392 illam
903 346 1167 402 quaestionem
1198 353 1347 392 absolvi
1375 365 1500 403 posse,
1528 365 1617 392 cum

216 423 338 463 dicat:
383 428 536 463 »utrum
575 436 709 464 casum
748 425 788 463 in
825 422 843 462 ὃ
880 423 1081 463 ἐπαινετέον
1119 424 1212 462 ἐστίν
1250 435 1460 474 agnoscas,
1501 436 1618 464 nun-

216 507 360 544 quam
401 495 650 534 diiudicabis‹
695 494 910 545 (Opuscula
938 495 967 533 II
997 494 1137 543 266⁴&
1196 494 1330 544 Neque
1357 506 1510 544 semper
1537 506 1618 534 rem

216 565 374 603 dubiam
415 565 622 604 decernere
660 564 752 603 mihi
796 565 947 604 videtur
984 565 1094 615 rati0,
1138 576 1239 616 quae
1275 565 1617 614 grammaticorum

215 648 408 675 consensu
447 638 635 686 (Krueger
664 638 687 684 ἓ
718 637 780 685 56,
813 637 873 674 18.
914 636 1095 676 Kuehner
1123 637 1146 684 ξ
1174 636 1269 684 427)
1308 636 1368 675 lex
1407 636 1444 674 in
1474 636 1548 674 hac
1576 648 1619 675 re

215 706 444 756 explicanda
473 718 558 746 esse
587 706 737 755 dicitur,
775 707 866 756 quia
895 718 1012 757 saepe
1040 706 1081 745 id.
1107 706 1330 756 ambigitur,
1357 706 1619 746 necessitasne

215 778 354 825 agendi
378 789 444 816 ¹an
482 779 675 817 obiectum
715 778 877 816 actionis
918 778 1039 825 magis
1078 782 1272 826 urgeatur.
1329 777 1454 816 Dubia
1488 778 1619 826 itaque

216 847 392 897 exempla
422 859 599 887 seorsum
629 848 849 887 afferentur.

622 942 665 990 a)
703 941 873 979 Neutr.
913 940 1210 988 singularis.

348 1021 383 1071 α)
414 1021 505 1061 Sine
533 1022 719 1070 subiectO,
746 1021 943 1074 προοπτέον
973 1021 1058 1069 ἐστί,
1090 1022 1103 1059 I
1139 1021 1220 1065 120,
1252 1021 1301 1060 31
1334 1020 1430 1059 οὕτω
1460 1016 1508 1058 ὦν
1527 1019 1617 1058 πάν-

213 1106 285 1136 τως
313 1094 396 1145 ἡμῖν
424 1092 485 1130 σέο
512 1094 573 1130 καὶ
599 1097 665 1145 τῆς
693 1097 755 1145 σῆς
784 1094 896 1146 ἀρχῆς
924 1092 1121 1145 προοπτέον
1150 1092 1236 1130 ἐστί.
1267 1090 1498 1145 Τιμωρητέον
1527 1091 1613 1139 ἐστί,

218 1163 279 1201 VII
316 1165 400 1212 168,
431 1165 455 1202 9
486 1165 535 1212 (v.
568 1165 593 1202 6
622 1167 669 1208 ὡς
697 1164 739 1201 οὔ
767 1176 826 1216 σφι
854 1163 1045 1217 περιοπτέη
1075 1164 1150 1201 ἐστὶ
1177 1161 1356 1216 ἠἘλλας
1384 1161 1615 1215 ἀπολλυμένη

214 1234 264 1283 ω)
296 1234 394 1271 ἀλλὰ
420 1234 640 1287 τιμωρητέον
670 1237 723 1288 εἴη
754 1236 788 1278 ἐς
814 1235 858 1272 τὸ
888 1228 1154 1272 δυνατώτατον.

348 1306 384 1349 β)
414 1306 735 1354 Impersonaliter,
772 1306 852 1343 VIII
886 1305 973 1353 108,
1013 1305 1065 1343 24
1104 1304 1228 1343 ἐατέον
1266 1301 1315 1342 ὦν
1348 1302 1434 1342 εἶναι
1463 1304 1618 1357 φεύγειν,

346 1374 387 1426 γ)
421 1375 687 1424 personaliter,
724 1374 916 1427 μαθητέον
944 1375 1008 1413 VII
1049 1375 1135 1418 16Υ,
1179 1377 1226 1414 13
1255 1380 1365 1412 τοῦτο
1393 1368 1463 1427 ἤδη
1492 1375 1619 1427 μαέϊη-

214 1444 296 1482 τέον
327 1448 426 1482 ἔσται
455 1447 629 1494 (urgetur
656 1450 766 1482 τοῦτο
795 1457 830 1482 v.
864 1444 1059 1494 10—12);
1088 1444 1295 1497 περιοπτέον
1323 1444 1358 1483 V
1387 1445 1449 1488 39,
1478 1447 1503 1483 9
1532 1445 1618 1496 ἡμῖν

215 1513 316 1552 τοῦτ-Ὺ
344 1516 419 1553 ἐστὶ
447 1517 488 1552 οὐ
516 1515 735 1569 περιοπτέον,
767 1514 866 1568 γένος
894 1515 938 1553 τὸ
967 1514 1211 1568 Εὐρυσθένεος
1238 1514 1412 1568 γενέσᾶαι
1440 1512 1613 1567 ἐξίτηλον.

218 1584 396 1639 ΙΙοιητέον
429 1587 508 1625 VIII
537 1587 601 1635 40,
642 1589 667 1626 6
696 1586 779 1639 πρὸς
809 1579 847 1624 δὲ
877 1587 938 1624 καὶ
967 1586 1054 1636 (ἵνα)
1085 1585 1349 1635 βουλεύσωνται
1376 1586 1420 1624 τὸ
1450 1584 1615 1639 ποιητέον

215 1658 350 1694 αὐτοῖσι
379 1660 489 1695 ἔσται.
522 1658 572 1695 ΙΧ
602 1658 665 1706 60,
695 1658 732 1695 9.

664 1754 702 1803 b)
739 1754 912 1793 Neutr.
943 1754 1172 1802 pluralis.

345 1834 383 1885 α)
428 1834 519 1874 Sine
548 1834 734 1873 subiecto.
792 1834 902 1882 Quae
929 1834 1165 1873 constructio
1195 1838 1349 1884 praeter
1377 1833 1614 1873 Herodotum

214 1905 370 1953 propria
399 1909 458 1943 est
488 1905 728 1953 potissimum
757 1904 993 1952 Thucydidis
1030 1908 1069 1942 et
1102 1908 1306 1952 poetarum
1335 1904 1613 1942 scaenicorum.

214 1973 394 2011 ἀκουστέα
423 1975 465 2012 III
496 1975 560 2022 61,
596 1975 642 2012 17
673 1977 721 2018 ὡς
749 1967 918 2027 Σμέρδιος
949 2003 956 2011 .
990 2004 998 2012 .
1030 1972 1210 2011 ακουστέα
1238 1974 1291 2026 εἴη
1319 1978 1385 2010 τοῦ
1413 1974 1549 2011 λοιποῦ.

213 2039 322 2081 δοτέα
348 2045 427 2082 VIII
460 2045 546 2088 111,
577 2046 601 2083 9
630 2044 727 2082 οὔτω
754 2043 796 2082 τέ
826 2056 885 2096 σφι
913 2042 1031 2096 κάρτα
1060 2037 1169 2081 δοτέα
1198 2040 1283 2080 εἶναι
1311 2041 1495 2096 χρήματα.

343 2104 604 2167 προσλογιστέα
644 2114 707 2152 Vll
749 2114 836 2158 185,
877 2113 901 2151 2
939 2113 983 2150 τὸ
1019 2107 1059 2150 δὲ
1089 2107 1132 2166 δὴ
1164 2142 1172 2150 .
1205 2142 1213 2150 .
1245 2142 1253 2149 .
1287 2143 1295 2151 .
1325 2111 1534 2166 στράτευμα
1563 2116 1616 2151 ἔτι

211 2184 473 2237 προσλογιστέα
509 2185 641 2234 τούτῳ.
682 2184 834 2237 ποιητέα
873 2184 937 2223 VII
967 2175 1015 2223 8δ
1030 2216 1039 2234 ,
1074 2184 1099 2223 5
1127 2183 1279 2237 ποιητέα
1316 2183 1381 2237 μέν
1408 2191 1467 2221 νυν
1495 2182 1616 2222 ταῦτά

213 2256 290 2292 ἐστι
318 2257 424 2301 οὔτω,
468 2255 547 2293 VIII
582 2255 667 2304 142,
707 2255 759 2293 23
787 2254 907 2303 τούτῳ
937 2253 1001 2307 μὲν
1029 2254 1098 2307 γαρ
1126 2259 1245 2292 ταῦτα
1271 2254 1423 2307 ποιητέα
1448 2253 1523 2291 ἐστί
1544 2266 1552 2274 ·
1581 2274 1617 2285 »ν

212 2329 291 2378 ὑμῖν
349 2319 388 2363 δὲ
417 2327 458 2363 οὐ
487 2325 649 2378 ποιητέα.
682 2325 895 2378 ἐπιτρεπτέα
923 2325 973 2363 IX
994 2325 1057 2373 58,
1088 2325 1136 2363 21
1159 2329 1218 2362 νῦν
1243 2318 1283 2362 δὲ
1312 2324 1469 2362 ἐκείνοισι
1495 2329 1615 2361 ταῦτα

213 2401 347 2433 ποιεῦσι
375 2397 442 2432 οὐκ
471 2395 686 2448 ἐπιτρεπτέα
716 2395 802 2433 ἐστί.

344 2466 381 2516 β)
415 2466 681 2515 Personaliter,
722 2466 784 2504 VlI
827 2467 895 2515 15,
933 2468 957 2505 6
989 2468 1100 2519 ἔγνων
1138 2459 1178 2503 δὲ
1215 2463 1335 2503 ταῦτά
1373 2479 1431 2518 μοι
1463 2464 1615 2518 ποιητέα

212 2536 329 2584 ἐόντα,
360 2536 440 2575 VIII
475 2537 534 2586 19,
564 2539 602 2575 8.
