1836 2828
4 1576 8 1604 ι

4 1611 10 1646 i

4 1648 11 1711 i

871 656 942 706 De

210 777 477 845 enuntiatis
511 775 733 846 subiecto
769 775 1053 845 carentibus
1098 775 1235 870 apud
1281 774 1599 846 Herodotum.

834 939 974 981 Scripsit

499 1037 665 1083 Adam
700 1037 982 1097 Stephanus
1016 1037 1318 1083 Miodonski.

715 1167 1098 1202 —ffi—

785 1326 958 1368 PARS
996 1328 1028 1368 Ι.

677 1446 1145 1493 PRAEFATIO.

338 1552 545 1591 Enuntiata
582 1553 664 1592 sine
697 1552 881 1599 subiecto,
919 1552 1141 1603 praedicato
1178 1555 1332 1593 tantum
1369 1553 1602 1606 constantia,

208 1624 398 1662 actionem
418 1617 487 1661 dut
504 1626 648 1662 statum
676 1623 868 1671 quendam
888 1623 1110 1672 exprimunt
1137 1623 1315 1662 absolute
1341 1624 1406 1673 ita,
1436 1627 1478 1662 ut
1496 1623 1602 1662 nulla

206 1693 369 1733 subiecti
414 1693 520 1732 notio
566 1692 835 1732 subaudienda
876 1692 936 1731 sit.
993 1693 1108 1733 Deest
1149 1705 1310 1743 prorsus
1343 1694 1383 1732 in
1413 1694 1602 1734 eiusmodi

207 1764 415 1802 enuntiatis
435 1763 660 1812 subiectum,
679 1762 784 1812 quod
804 1766 976 1812 vocatur,
1000 1763 1316 1811 grammaticum3
1345 1774 1489 1811 magna
1506 1775 1601 1803 vero

207 1844 343 1872 eorum
379 1833 491 1882 copia
528 1832 647 1871 habet
675 1832 889 1872 subiectum
917 1832 1102 1882 logicum,
1142 1832 1246 1873 velut
1274 1832 1345 1882 ὕει,
1384 1834 1451 1871 οὐκ
1479 1831 1601 1877 ἄλλως

207 1905 370 1947 αὐτοῖς
396 1902 594 1955 πεπόνηται
623 1902 748 1952 (Plato
779 1902 941 1942 Phaedr.
971 1915 1007 1952 p.
1036 1903 1115 1941 232
1144 1904 1198 1953 a).
1246 1903 1419 1942 Verbum
1447 1903 1600 1942 finitum

207 1972 348 2012 harum
394 1972 703 2012 enuntiationum
752 1972 908 2023 ponitur
949 1973 989 2011 in
1031 1973 1145 2013 tertia
1190 1984 1357 2023 persona
1398 1972 1601 2021 singularis

206 2044 375 2088 numeri;
404 2044 436 2081 si
455 2043 582 2081 forma
610 2043 894 2082 distinctionem
921 2044 1070 2090 generis
1099 2044 1255 2092 patitur,
1285 2042 1442 2082 adhibet
1471 2042 1602 2090 lingua

205 2124 344 2161 graeca
373 2116 555 2152 neutrum
583 2113 679 2161 sing.
700 2115 740 2151 et
768 2112 883 2163 plur.,
911 2116 955 2152 ut
972 2112 1138 2166 ποιητέον
1165 2111 1286 2151 ταῦτά
1314 2113 1422 2161 ἐστιν,
1449 2111 1601 2166 ποιητέα

206 2183 311 2232 ἐστίν,
341 2183 605 2236 βεβουλευμένα
634 2186 751 2231 ἔσται,
780 2182 901 2222 latina
929 2187 1059 2222 autem
1088 2188 1312 2223 constanter
1330 2183 1456 2222 solum
1475 2186 1599 2222 neutr.

205 2254 319 2302 sing.:
349 2265 580 2303 procursum
608 2256 679 2306 est,
709 2253 760 2293 ad
788 2264 851 2293 me
879 2239 1040 2293 ventum
1069 2257 1139 2293 est.
1172 2253 1400 2293 Praedicata
1427 2253 1601 2293 subiecto

205 2325 378 2365 carentia
405 2337 475 2375 per
502 2337 544 2365 se
571 2325 759 2373 integram
788 2322 1109 2376 perspicuamque
1137 2325 1325 2375 praebent
1356 2326 1599 2375 sententiam,

205 2407 284 2445 qua
325 2396 561 2445 proprietate
601 2396 714 2443 longe
751 2395 929 2435 differunt
965 2396 1018 2434 ab
1055 2396 1117 2434 im
1128 2407 1153 2445 p
1162 2407 1185 2435 e
1195 2408 1215 2434 r
1223 2407 1244 2434 s
1253 2407 1277 2434 o
1287 2407 1314 2434 n
1324 2396 1429 2435 alib
1439 2408 1466 2436 u
1477 2409 1515 2446 s,
1557 2401 1601 2435 ut

331 2465 364 2488 Α.
383 2464 445 2495 sees.
468 2459 624 2488 ιιι-σασάμω.
659 2464 698 2487 Do
715 2466 803 2490 enum.
822 2464 890 2494 nubs.
907 2464 1065 2489 carentibus.
1351 2460 1366 2492 1
