<?xml version="1.0" encoding="UTF-8"?>
<!DOCTYPE html PUBLIC "-//W3C//DTD XHTML 1.0 Transitional//EN"
    "http://www.w3.org/TR/xhtml1/DTD/xhtml1-transitional.dtd">
<html xmlns="http://www.w3.org/1999/xhtml" xml:lang="en" lang="en">
 <head>
  <title>
</title>
<meta http-equiv="Content-Type" content="text/html;charset=utf-8" />
  <meta name='ocr-system' content='tesseract 3.04.00' />
  <meta name='ocr-capabilities' content='ocr_page ocr_carea ocr_par ocr_line ocrx_word'/>
</head>
<body>
  <div class='ocr_page' id='page_1' title='image "4737892_0033.png"; bbox 0 0 1836 2828; ppageno 0'>
   <div class='ocr_carea' id='block_1_1' title="bbox 775 122 1045 161">
    <p class='ocr_par' dir='ltr' id='par_1_1' title="bbox 775 122 1045 161">
     <span class='ocr_line' id='line_1_1' title="bbox 775 122 1045 161; baseline 0 -11"><span class='ocrx_word' id='word_1_1' title='bbox 775 122 1045 161; x_wconf 67' lang='lat'>-21—</span> 
     </span>
    </p>
   </div>
   <div class='ocr_carea' id='block_1_2' title="bbox 186 249 1609 2556">
    <p class='ocr_par' dir='ltr' id='par_1_2' title="bbox 214 249 1608 444">
     <span class='ocr_line' id='line_1_2' title="bbox 352 249 1608 301; baseline -0.003 -7"><span class='ocrx_word' id='word_1_2' title='bbox 352 249 613 294; x_wconf 76' lang='lat' dir='ltr'>Adnotatio.</span> <span class='ocrx_word' id='word_1_3' title='bbox 671 252 712 289; x_wconf 93' lang='lat' dir='ltr'>In</span> <span class='ocrx_word' id='word_1_4' title='bbox 741 251 973 301; x_wconf 90' lang='lat' dir='ltr'>quibusdam</span> <span class='ocrx_word' id='word_1_5' title='bbox 1010 250 1287 298; x_wconf 86' lang='lat' dir='ltr'>locutionibus,</span> <span class='ocrx_word' id='word_1_6' title='bbox 1324 263 1423 299; x_wconf 89' lang='lat' dir='ltr'>quae</span> <span class='ocrx_word' id='word_1_7' title='bbox 1455 251 1494 289; x_wconf 90' lang='lat' dir='ltr'>in</span> <span class='ocrx_word' id='word_1_8' title='bbox 1533 252 1608 290; x_wconf 83' lang='lat' dir='ltr'>for-</span> 
     </span>
     <span class='ocr_line' id='line_1_3' title="bbox 215 320 1608 372; baseline -0.002 -11"><span class='ocrx_word' id='word_1_9' title='bbox 215 322 341 361; x_wconf 83' lang='lat' dir='ltr'>mulas</span> <span class='ocrx_word' id='word_1_10' title='bbox 369 333 493 372; x_wconf 88' lang='lat' dir='ltr'>paene</span> <span class='ocrx_word' id='word_1_11' title='bbox 531 321 635 371; x_wconf 85' lang='lat' dir='ltr'>apud</span> <span class='ocrx_word' id='word_1_12' title='bbox 672 320 910 359; x_wconf 87' lang='lat' dir='ltr'>Herodotum</span> <span class='ocrx_word' id='word_1_13' title='bbox 939 320 1138 372; x_wconf 85' lang='lat' dir='ltr'>abierunt,</span> <span class='ocrx_word' id='word_1_14' title='bbox 1176 320 1369 358; x_wconf 89' lang='lat' dir='ltr'>invenitur</span> <span class='ocrx_word' id='word_1_15' title='bbox 1398 321 1608 369; x_wconf 87' lang='lat' dir='ltr'>personalis</span> 
     </span>
     <span class='ocr_line' id='line_1_4' title="bbox 214 390 1059 444; baseline -0.002 -13"><span class='ocrx_word' id='word_1_16' title='bbox 214 395 365 432; x_wconf 86' lang='lat' dir='ltr'>tantum</span> <span class='ocrx_word' id='word_1_17' title='bbox 394 391 631 430; x_wconf 83' lang='lat' dir='ltr'>constructio</span> <span class='ocrx_word' id='word_1_18' title='bbox 658 403 696 430; x_wconf 86' lang='lat' dir='ltr'>v.</span> <span class='ocrx_word' id='word_1_19' title='bbox 725 390 902 444; x_wconf 67' lang='grc' dir='ltr'>γίνεσθαι,</span> <span class='ocrx_word' id='word_1_20' title='bbox 932 390 1059 430; x_wconf 83' lang='lat' dir='ltr'>velut:</span> 
     </span>
    </p>

    <p class='ocr_par' dir='ltr' id='par_1_3' title="bbox 213 454 1608 655">
     <span class='ocr_line' id='line_1_5' title="bbox 344 454 1607 513; baseline -0.002 -13"><span class='ocrx_word' id='word_1_21' title='bbox 344 462 409 500; x_wconf 93' lang='lat' dir='ltr'>VII</span> <span class='ocrx_word' id='word_1_22' title='bbox 441 462 529 511; x_wconf 88' lang='grc'>168,</span> <span class='ocrx_word' id='word_1_23' title='bbox 559 462 667 500; x_wconf 77' lang='lat'>24:</span> <span class='ocrx_word' id='word_1_24' title='bbox 684 462 735 499; x_wconf 92' lang='lat' dir='ltr'>IX</span> <span class='ocrx_word' id='word_1_25' title='bbox 768 462 857 512; x_wconf 90' lang='lat'>113,</span> <span class='ocrx_word' id='word_1_26' title='bbox 887 463 912 499; x_wconf 89' lang='grc'>8</span> <span class='ocrx_word' id='word_1_27' title='bbox 939 459 988 498; x_wconf 84' lang='grc' dir='ltr'>τά</span> <span class='ocrx_word' id='word_1_28' title='bbox 1016 474 1082 513; x_wconf 83' lang='grc' dir='ltr'>περ</span> <span class='ocrx_word' id='word_1_29' title='bbox 1111 459 1154 497; x_wconf 82' lang='grc' dir='ltr'>ἂν</span> <span class='ocrx_word' id='word_1_30' title='bbox 1181 461 1242 497; x_wconf 85' lang='grc' dir='ltr'>καὶ</span> <span class='ocrx_word' id='word_1_31' title='bbox 1269 460 1425 512; x_wconf 84' lang='grc' dir='ltr'>ἐγένετο,</span> <span class='ocrx_word' id='word_1_32' title='bbox 1455 461 1490 498; x_wconf 94' lang='lat' dir='ltr'>V</span> <span class='ocrx_word' id='word_1_33' title='bbox 1519 454 1607 504; x_wconf 68' lang='lat'>923,</span> 
     </span>
     <span class='ocr_line' id='line_1_6' title="bbox 213 526 1608 585; baseline -0.001 -15"><span class='ocrx_word' id='word_1_34' title='bbox 213 534 238 570; x_wconf 92' lang='lat'>8</span> <span class='ocrx_word' id='word_1_35' title='bbox 265 532 316 570; x_wconf 77' lang='grc' dir='ltr'>τα</span> <span class='ocrx_word' id='word_1_36' title='bbox 344 526 388 585; x_wconf 72' lang='grc' dir='ltr'>δὴ</span> <span class='ocrx_word' id='word_1_37' title='bbox 417 532 478 570; x_wconf 83' lang='grc' dir='ltr'>καὶ</span> <span class='ocrx_word' id='word_1_38' title='bbox 505 531 666 585; x_wconf 83' lang='grc' dir='ltr'>ἐγένετο,</span> <span class='ocrx_word' id='word_1_39' title='bbox 705 531 786 570; x_wconf 90' lang='lat' dir='ltr'>VIII</span> <span class='ocrx_word' id='word_1_40' title='bbox 818 531 905 580; x_wconf 87' lang='lat'>109,</span> <span class='ocrx_word' id='word_1_41' title='bbox 940 530 992 569; x_wconf 82' lang='lat'>26</span> <span class='ocrx_word' id='word_1_42' title='bbox 1029 529 1079 568; x_wconf 87' lang='grc' dir='ltr'>τά</span> <span class='ocrx_word' id='word_1_43' title='bbox 1105 544 1170 583; x_wconf 85' lang='grc' dir='ltr'>περ</span> <span class='ocrx_word' id='word_1_44' title='bbox 1200 526 1249 567; x_wconf 85' lang='grc' dir='ltr'>ὧν</span> <span class='ocrx_word' id='word_1_45' title='bbox 1273 531 1334 568; x_wconf 82' lang='grc' dir='ltr'>καὶ</span> <span class='ocrx_word' id='word_1_46' title='bbox 1362 530 1522 583; x_wconf 81' lang='grc' dir='ltr'>ἐγένετο,</span> <span class='ocrx_word' id='word_1_47' title='bbox 1559 531 1608 568; x_wconf 91' lang='lat' dir='ltr'>IX</span> 
     </span>
     <span class='ocr_line' id='line_1_7' title="bbox 214 596 754 655; baseline -0.006 -13"><span class='ocrx_word' id='word_1_48' title='bbox 214 603 277 651; x_wconf 88' lang='grc'>56,</span> <span class='ocrx_word' id='word_1_49' title='bbox 307 603 332 640; x_wconf 88' lang='grc'><strong>6</strong></span> <span class='ocrx_word' id='word_1_50' title='bbox 359 602 409 640; x_wconf 83' lang='grc' dir='ltr'>τοὶ</span> <span class='ocrx_word' id='word_1_51' title='bbox 437 596 480 655; x_wconf 75' lang='grc' dir='ltr'>δὴ</span> <span class='ocrx_word' id='word_1_52' title='bbox 509 603 570 639; x_wconf 81' lang='grc' dir='ltr'>καὶ</span> <span class='ocrx_word' id='word_1_53' title='bbox 600 601 754 655; x_wconf 80' lang='grc' dir='ltr'>ἐγένετο.</span> 
     </span>
    </p>

    <p class='ocr_par' dir='ltr' id='par_1_4' title="bbox 212 671 1609 934">
     <span class='ocr_line' id='line_1_8' title="bbox 340 671 1608 723; baseline -0.002 -11"><span class='ocrx_word' id='word_1_54' title='bbox 340 672 476 723; x_wconf 88' lang='lat' dir='ltr'>Vides,</span> <span class='ocrx_word' id='word_1_55' title='bbox 513 673 554 711; x_wconf 90' lang='lat' dir='ltr'>in</span> <span class='ocrx_word' id='word_1_56' title='bbox 581 671 641 711; x_wconf 80' lang='lat' dir='ltr'>his</span> <span class='ocrx_word' id='word_1_57' title='bbox 670 672 820 712; x_wconf 90' lang='lat' dir='ltr'>dicendi</span> <span class='ocrx_word' id='word_1_58' title='bbox 856 671 1028 711; x_wconf 80' lang='lat' dir='ltr'>formulis</span> <span class='ocrx_word' id='word_1_59' title='bbox 1062 675 1285 711; x_wconf 80' lang='lat' dir='ltr'>constanter</span> <span class='ocrx_word' id='word_1_60' title='bbox 1322 672 1511 710; x_wconf 86' lang='lat' dir='ltr'>aoristum</span> <span class='ocrx_word' id='word_1_61' title='bbox 1540 671 1608 710; x_wconf 86' lang='lat' dir='ltr'>ad—</span> 
     </span>
     <span class='ocr_line' id='line_1_9' title="bbox 212 742 1609 792; baseline -0.001 -12"><span class='ocrx_word' id='word_1_62' title='bbox 212 743 351 791; x_wconf 88' lang='lat' dir='ltr'>hiberi,</span> <span class='ocrx_word' id='word_1_63' title='bbox 390 754 512 792; x_wconf 87' lang='lat' dir='ltr'>quare</span> <span class='ocrx_word' id='word_1_64' title='bbox 539 754 619 781; x_wconf 90' lang='lat' dir='ltr'>non</span> <span class='ocrx_word' id='word_1_65' title='bbox 648 743 912 780; x_wconf 82' lang='lat' dir='ltr'><strong>dubitavimus</strong></span> <span class='ocrx_word' id='word_1_66' title='bbox 939 753 1027 780; x_wconf 89' lang='lat' dir='ltr'>cum</span> <span class='ocrx_word' id='word_1_67' title='bbox 1058 742 1248 791; x_wconf 88' lang='lat' dir='ltr'>plerisque</span> <span class='ocrx_word' id='word_1_68' title='bbox 1275 742 1486 780; x_wconf 87' lang='lat' dir='ltr'>editoribus</span> <span class='ocrx_word' id='word_1_69' title='bbox 1516 753 1609 780; x_wconf 88' lang='lat' dir='ltr'>ean-</span> 
     </span>
     <span class='ocr_line' id='line_1_10' title="bbox 212 803 1608 864; baseline -0.001 -12"><span class='ocrx_word' id='word_1_70' title='bbox 212 813 299 853; x_wconf 91' lang='lat' dir='ltr'>dem</span> <span class='ocrx_word' id='word_1_71' title='bbox 338 813 503 852; x_wconf 76' lang='lat' dir='ltr'>Iormam</span> <span class='ocrx_word' id='word_1_72' title='bbox 541 812 657 852; x_wconf 89' lang='lat' dir='ltr'>etiam</span> <span class='ocrx_word' id='word_1_73' title='bbox 686 812 721 851; x_wconf 95' lang='lat' dir='ltr'>V</span> <span class='ocrx_word' id='word_1_74' title='bbox 749 803 838 862; x_wconf 64' lang='lat'>923,</span> <span class='ocrx_word' id='word_1_75' title='bbox 877 813 901 851; x_wconf 91' lang='lat'>8</span> <span class='ocrx_word' id='word_1_76' title='bbox 939 824 961 852; x_wconf 91' lang='lat' dir='ltr'>e</span> <span class='ocrx_word' id='word_1_77' title='bbox 989 812 1100 851; x_wconf 83' lang='lat' dir='ltr'>codd.</span> <span class='ocrx_word' id='word_1_78' title='bbox 1130 824 1162 864; x_wconf 88' lang='lat' dir='ltr'>s,</span> <span class='ocrx_word' id='word_1_79' title='bbox 1200 824 1225 849; x_wconf 90' lang='lat' dir='ltr'>v</span> <span class='ocrx_word' id='word_1_80' title='bbox 1263 812 1443 861; x_wconf 86' lang='lat' dir='ltr'>recipere.</span> <span class='ocrx_word' id='word_1_81' title='bbox 1501 811 1608 851; x_wconf 86' lang='lat' dir='ltr'>Stein</span> 
     </span>
     <span class='ocr_line' id='line_1_11' title="bbox 212 882 1331 934; baseline -0.002 -14"><span class='ocrx_word' id='word_1_82' title='bbox 212 883 380 931; x_wconf 84' lang='lat' dir='ltr'>praefert</span> <span class='ocrx_word' id='word_1_83' title='bbox 407 883 514 931; x_wconf 85' lang='lat' dir='ltr'>impf.</span> <span class='ocrx_word' id='word_1_84' title='bbox 545 883 693 934; x_wconf 81' lang='grc' dir='ltr'>ἐγίνετο,</span> <span class='ocrx_word' id='word_1_85' title='bbox 724 882 827 930; x_wconf 89' lang='lat' dir='ltr'>quod</span> <span class='ocrx_word' id='word_1_86' title='bbox 855 882 987 930; x_wconf 84' lang='lat' dir='ltr'>reliqui</span> <span class='ocrx_word' id='word_1_87' title='bbox 1016 882 1103 919; x_wconf 85' lang='lat' dir='ltr'>libri</span> <span class='ocrx_word' id='word_1_88' title='bbox 1132 882 1331 930; x_wconf 84' lang='lat' dir='ltr'>praebent.</span> 
     </span>
    </p>

    <p class='ocr_par' dir='ltr' id='par_1_5' title="bbox 210 944 1609 1132">
     <span class='ocr_line' id='line_1_12' title="bbox 342 944 1609 1004; baseline -0.002 -14"><span class='ocrx_word' id='word_1_89' title='bbox 342 951 379 994; x_wconf 85' lang='lat' dir='ltr'>b)</span> <span class='ocrx_word' id='word_1_90' title='bbox 408 952 505 991; x_wconf 89' lang='lat' dir='ltr'>Cum</span> <span class='ocrx_word' id='word_1_91' title='bbox 534 952 691 992; x_wconf 86' lang='lat' dir='ltr'>adverb.</span> <span class='ocrx_word' id='word_1_92' title='bbox 723 948 779 989; x_wconf 85' lang='grc' dir='ltr'>οἷα</span> <span class='ocrx_word' id='word_1_93' title='bbox 808 951 888 990; x_wconf 87' lang='lat' dir='ltr'>VIII</span> <span class='ocrx_word' id='word_1_94' title='bbox 920 950 1006 1000; x_wconf 85' lang='lat'>128,</span> <span class='ocrx_word' id='word_1_95' title='bbox 1041 953 1089 990; x_wconf 82' lang='lat'>14</span> <span class='ocrx_word' id='word_1_96' title='bbox 1116 951 1179 989; x_wconf 78' lang='grc' dir='ltr'>τὸν</span> <span class='ocrx_word' id='word_1_97' title='bbox 1207 944 1247 988; x_wconf 76' lang='grc' dir='ltr'>δὲ</span> <span class='ocrx_word' id='word_1_98' title='bbox 1275 950 1467 1004; x_wconf 60' lang='grc' dir='ltr'>βληθέντα</span> <span class='ocrx_word' id='word_1_99' title='bbox 1494 950 1609 1003; x_wconf 83' lang='grc' dir='ltr'>περιέ-</span> 
     </span>
     <span class='ocr_line' id='line_1_13' title="bbox 211 1017 1608 1075; baseline -0.001 -16"><span class='ocrx_word' id='word_1_100' title='bbox 211 1017 323 1075; x_wconf 69' lang='grc' dir='ltr'>δραμε</span> <span class='ocrx_word' id='word_1_101' title='bbox 341 1023 472 1074; x_wconf 82' lang='grc' dir='ltr'>ὅμιλος,</span> <span class='ocrx_word' id='word_1_102' title='bbox 503 1019 560 1059; x_wconf 85' lang='grc' dir='ltr'>οἷα</span> <span class='ocrx_word' id='word_1_103' title='bbox 589 1022 699 1074; x_wconf 84' lang='grc' dir='ltr'>φιλέει</span> <span class='ocrx_word' id='word_1_104' title='bbox 727 1021 893 1074; x_wconf 61' lang='grc' dir='ltr'>γίνεσθαι</span> <span class='ocrx_word' id='word_1_105' title='bbox 922 1022 957 1058; x_wconf 82' lang='grc' dir='ltr'>ὲν</span> <span class='ocrx_word' id='word_1_106' title='bbox 982 1021 1130 1073; x_wconf 81' lang='grc' dir='ltr'>πολέμῳ</span> <span class='ocrx_word' id='word_1_107' title='bbox 1157 1021 1505 1070; x_wconf 80' lang='lat' dir='ltr'>»quemadmodum</span> <span class='ocrx_word' id='word_1_108' title='bbox 1527 1021 1608 1059; x_wconf 82' lang='lat' dir='ltr'>fleri</span> 
     </span>
     <span class='ocr_line' id='line_1_14' title="bbox 210 1092 532 1132; baseline -0.003 0"><span class='ocrx_word' id='word_1_109' title='bbox 210 1093 306 1132; x_wconf 88' lang='lat' dir='ltr'>solet</span> <span class='ocrx_word' id='word_1_110' title='bbox 328 1092 367 1131; x_wconf 90' lang='lat' dir='ltr'>in</span> <span class='ocrx_word' id='word_1_111' title='bbox 380 1102 382 1104; x_wconf 72' lang='grc'><strong><em>’</em></strong></span> <span class='ocrx_word' id='word_1_112' title='bbox 396 1092 532 1132; x_wconf 86' lang='lat' dir='ltr'>bello.‹</span> 
     </span>
    </p>

    <p class='ocr_par' dir='ltr' id='par_1_6' title="bbox 210 1160 1608 1424">
     <span class='ocr_line' id='line_1_15' title="bbox 340 1160 1605 1216; baseline -0.001 -16"><span class='ocrx_word' id='word_1_113' title='bbox 340 1164 376 1214; x_wconf 83' lang='lat' dir='ltr'>c)</span> <span class='ocrx_word' id='word_1_114' title='bbox 404 1162 543 1201; x_wconf 78' lang='grc' dir='ltr'><strong>Γίνεται</strong></span> <span class='ocrx_word' id='word_1_115' title='bbox 572 1163 606 1208; x_wconf 82' lang='grc' dir='ltr'>ἐς</span> <span class='ocrx_word' id='word_1_116' title='bbox 632 1169 783 1201; x_wconf 78' lang='grc' dir='ltr'>τοσοῦτο</span> <span class='ocrx_word' id='word_1_117' title='bbox 812 1164 892 1202; x_wconf 85' lang='lat' dir='ltr'>VIII</span> <span class='ocrx_word' id='word_1_118' title='bbox 931 1164 1017 1207; x_wconf 90' lang='grc'><strong>107,</strong></span> <span class='ocrx_word' id='word_1_119' title='bbox 1057 1165 1082 1201; x_wconf 82' lang='lat'>5</span> <span class='ocrx_word' id='word_1_120' title='bbox 1119 1162 1257 1216; x_wconf 85' lang='grc' dir='ltr'>ταύτην</span> <span class='ocrx_word' id='word_1_121' title='bbox 1285 1162 1349 1216; x_wconf 81' lang='grc' dir='ltr'>μὲν</span> <span class='ocrx_word' id='word_1_122' title='bbox 1377 1160 1443 1215; x_wconf 80' lang='grc' dir='ltr'>τὴν</span> <span class='ocrx_word' id='word_1_123' title='bbox 1471 1162 1605 1216; x_wconf 82' lang='grc' dir='ltr'>ἡμέρην</span> 
     </span>
     <span class='ocr_line' id='line_1_16' title="bbox 211 1234 1608 1288; baseline 0 -16"><span class='ocrx_word' id='word_1_124' title='bbox 211 1235 244 1279; x_wconf 78' lang='grc' dir='ltr'>ἐς</span> <span class='ocrx_word' id='word_1_125' title='bbox 271 1240 422 1273; x_wconf 80' lang='grc' dir='ltr'>τοσοῦτο</span> <span class='ocrx_word' id='word_1_126' title='bbox 451 1235 587 1288; x_wconf 80' lang='grc' dir='ltr'>ἐγίνετο</span> <span class='ocrx_word' id='word_1_127' title='bbox 621 1247 689 1275; x_wconf 86' lang='lat' dir='ltr'>»eo</span> <span class='ocrx_word' id='word_1_128' title='bbox 718 1247 840 1285; x_wconf 87' lang='lat' dir='ltr'>usque</span> <span class='ocrx_word' id='word_1_129' title='bbox 867 1247 929 1275; x_wconf 88' lang='lat' dir='ltr'>res</span> <span class='ocrx_word' id='word_1_130' title='bbox 958 1235 1176 1284; x_wconf 64' lang='lat' dir='ltr'>processit«</span> <span class='ocrx_word' id='word_1_131' title='bbox 1211 1235 1373 1284; x_wconf 87' lang='lat' dir='ltr'>Saepius</span> <span class='ocrx_word' id='word_1_132' title='bbox 1401 1246 1489 1273; x_wconf 89' lang='lat' dir='ltr'>cum</span> <span class='ocrx_word' id='word_1_133' title='bbox 1515 1234 1608 1273; x_wconf 83' lang='lat' dir='ltr'>sub·</span> 
     </span>
     <span class='ocr_line' id='line_1_17' title="bbox 210 1303 1606 1358; baseline -0.001 -15"><span class='ocrx_word' id='word_1_134' title='bbox 210 1305 328 1344; x_wconf 84' lang='lat' dir='ltr'>iecto:</span> <span class='ocrx_word' id='word_1_135' title='bbox 360 1305 441 1343; x_wconf 90' lang='lat' dir='ltr'>VIII</span> <span class='ocrx_word' id='word_1_136' title='bbox 464 1305 554 1354; x_wconf 84' lang='lat'>125,</span> <span class='ocrx_word' id='word_1_137' title='bbox 586 1306 632 1344; x_wconf 91' lang='lat'>11</span> <span class='ocrx_word' id='word_1_138' title='bbox 664 1310 783 1342; x_wconf 85' lang='grc' dir='ltr'>ταῦτα</span> <span class='ocrx_word' id='word_1_139' title='bbox 812 1304 876 1358; x_wconf 78' lang='grc' dir='ltr'>μέν</span> <span class='ocrx_word' id='word_1_140' title='bbox 903 1319 963 1342; x_wconf 87' lang='grc' dir='ltr'>νυν</span> <span class='ocrx_word' id='word_1_141' title='bbox 992 1305 1026 1348; x_wconf 82' lang='grc' dir='ltr'>ἐς</span> <span class='ocrx_word' id='word_1_142' title='bbox 1049 1309 1200 1342; x_wconf 81' lang='grc' dir='ltr'>τοσοῦτο</span> <span class='ocrx_word' id='word_1_143' title='bbox 1229 1303 1384 1357; x_wconf 79' lang='grc' dir='ltr'>ἐγένετο,</span> <span class='ocrx_word' id='word_1_144' title='bbox 1417 1317 1451 1343; x_wconf 89' lang='lat' dir='ltr'>v.</span> <span class='ocrx_word' id='word_1_145' title='bbox 1472 1305 1521 1342; x_wconf 91' lang='lat' dir='ltr'>IX</span> <span class='ocrx_word' id='word_1_146' title='bbox 1548 1305 1606 1353; x_wconf 88' lang='lat'>18,</span> 
     </span>
     <span class='ocr_line' id='line_1_18' title="bbox 215 1375 435 1424; baseline 0 -11"><span class='ocrx_word' id='word_1_147' title='bbox 215 1375 274 1413; x_wconf 88' lang='lat'>18.</span> <span class='ocrx_word' id='word_1_148' title='bbox 305 1375 368 1424; x_wconf 88' lang='lat'>66,</span> <span class='ocrx_word' id='word_1_149' title='bbox 401 1376 435 1413; x_wconf 92' lang='lat'>1.</span> 
     </span>
    </p>

    <p class='ocr_par' dir='ltr' id='par_1_7' title="bbox 209 1442 1605 1775">
     <span class='ocr_line' id='line_1_19' title="bbox 341 1442 1605 1494; baseline -0.003 -8"><span class='ocrx_word' id='word_1_150' title='bbox 341 1442 603 1487; x_wconf 77' lang='lat' dir='ltr'>Adnotatio.</span> <span class='ocrx_word' id='word_1_151' title='bbox 634 1445 745 1492; x_wconf 83' lang='lat' dir='ltr'>Quod</span> <span class='ocrx_word' id='word_1_152' title='bbox 774 1449 904 1484; x_wconf 81' lang='lat' dir='ltr'>censet</span> <span class='ocrx_word' id='word_1_153' title='bbox 925 1446 1106 1493; x_wconf 86' lang='lat' dir='ltr'>Krueger,</span> <span class='ocrx_word' id='word_1_154' title='bbox 1133 1445 1253 1484; x_wconf 84' lang='lat' dir='ltr'>verba</span> <span class='ocrx_word' id='word_1_155' title='bbox 1274 1445 1308 1488; x_wconf 84' lang='grc' dir='ltr'>ἐς</span> <span class='ocrx_word' id='word_1_156' title='bbox 1325 1450 1477 1482; x_wconf 78' lang='grc' dir='ltr'>τοσοῦτο</span> <span class='ocrx_word' id='word_1_157' title='bbox 1510 1445 1605 1494; x_wconf 88' lang='lat' dir='ltr'>(VIII</span> 
     </span>
     <span class='ocr_line' id='line_1_20' title="bbox 214 1515 1605 1565; baseline 0 -12"><span class='ocrx_word' id='word_1_158' title='bbox 214 1515 306 1563; x_wconf 89' lang='lat'>107)</span> <span class='ocrx_word' id='word_1_159' title='bbox 335 1515 419 1554; x_wconf 89' lang='lat' dir='ltr'>vice</span> <span class='ocrx_word' id='word_1_160' title='bbox 446 1515 607 1554; x_wconf 85' lang='lat' dir='ltr'>subiecti</span> <span class='ocrx_word' id='word_1_161' title='bbox 635 1515 741 1563; x_wconf 86' lang='lat' dir='ltr'>fungi</span> <span class='ocrx_word' id='word_1_162' title='bbox 769 1519 807 1555; x_wconf 86' lang='lat' dir='ltr'>et</span> <span class='ocrx_word' id='word_1_163' title='bbox 834 1519 1035 1565; x_wconf 84' lang='lat' dir='ltr'>praeterea</span> <span class='ocrx_word' id='word_1_164' title='bbox 1062 1515 1169 1553; x_wconf 79' lang='lat' dir='ltr'>initio</span> <span class='ocrx_word' id='word_1_165' title='bbox 1197 1515 1385 1554; x_wconf 83' lang='lat' dir='ltr'>enuntiati</span> <span class='ocrx_word' id='word_1_166' title='bbox 1404 1515 1485 1553; x_wconf 84' lang='lat' dir='ltr'>VIII</span> <span class='ocrx_word' id='word_1_167' title='bbox 1519 1516 1605 1563; x_wconf 87' lang='lat'>107,</span> 
     </span>
     <span class='ocr_line' id='line_1_21' title="bbox 210 1585 1602 1638; baseline -0.001 -14"><span class='ocrx_word' id='word_1_168' title='bbox 210 1587 235 1624; x_wconf 87' lang='lat'>5</span> <span class='ocrx_word' id='word_1_169' title='bbox 263 1597 334 1635; x_wconf 88' lang='lat' dir='ltr'>pro</span> <span class='ocrx_word' id='word_1_170' title='bbox 362 1585 500 1638; x_wconf 77' lang='grc' dir='ltr'>ταύτην</span> <span class='ocrx_word' id='word_1_171' title='bbox 528 1585 592 1638; x_wconf 68' lang='grc' dir='ltr'>μέν</span> <span class='ocrx_word' id='word_1_172' title='bbox 614 1616 622 1623; x_wconf 95' lang='grc'><strong>.</strong></span> <span class='ocrx_word' id='word_1_173' title='bbox 646 1616 653 1623; x_wconf 97' lang='grc'><em>.</em></span> <span class='ocrx_word' id='word_1_174' title='bbox 678 1616 685 1623; x_wconf 97' lang='grc'>.</span> <span class='ocrx_word' id='word_1_175' title='bbox 715 1586 787 1634; x_wconf 86' lang='lat' dir='ltr'>legi</span> <span class='ocrx_word' id='word_1_176' title='bbox 817 1597 930 1635; x_wconf 91' lang='lat' dir='ltr'>posse</span> <span class='ocrx_word' id='word_1_177' title='bbox 957 1590 1076 1623; x_wconf 82' lang='grc' dir='ltr'>ταῦτα</span> <span class='ocrx_word' id='word_1_178' title='bbox 1105 1585 1169 1637; x_wconf 82' lang='grc' dir='ltr'>μέν</span> <span class='ocrx_word' id='word_1_179' title='bbox 1197 1587 1274 1623; x_wconf 80' lang='grc' dir='ltr'>κτὲ.</span> <span class='ocrx_word' id='word_1_180' title='bbox 1306 1586 1357 1624; x_wconf 85' lang='lat' dir='ltr'>ad</span> <span class='ocrx_word' id='word_1_181' title='bbox 1385 1586 1602 1635; x_wconf 85' lang='lat' dir='ltr'>exemplum</span> 
     </span>
     <span class='ocr_line' id='line_1_22' title="bbox 209 1655 1605 1706; baseline 0 -12"><span class='ocrx_word' id='word_1_182' title='bbox 209 1656 539 1695; x_wconf 86' lang='lat' dir='ltr'>constructionum</span> <span class='ocrx_word' id='word_1_183' title='bbox 569 1657 846 1706; x_wconf 78' lang='lat' dir='ltr'>personaIIum,</span> <span class='ocrx_word' id='word_1_184' title='bbox 884 1668 982 1706; x_wconf 88' lang='lat' dir='ltr'>quas</span> <span class='ocrx_word' id='word_1_185' title='bbox 1011 1667 1129 1705; x_wconf 88' lang='lat' dir='ltr'>supra</span> <span class='ocrx_word' id='word_1_186' title='bbox 1157 1656 1421 1705; x_wconf 82' lang='lat' dir='ltr'>laudavimus,</span> <span class='ocrx_word' id='word_1_187' title='bbox 1460 1655 1497 1694; x_wconf 92' lang='lat' dir='ltr'>id</span> <span class='ocrx_word' id='word_1_188' title='bbox 1526 1667 1605 1695; x_wconf 92' lang='lat' dir='ltr'>non</span> 
     </span>
     <span class='ocr_line' id='line_1_23' title="bbox 211 1726 855 1775; baseline -0.002 -11"><span class='ocrx_word' id='word_1_189' title='bbox 211 1726 455 1775; x_wconf 85' lang='lat' dir='ltr'>probandum</span> <span class='ocrx_word' id='word_1_190' title='bbox 484 1726 523 1764; x_wconf 90' lang='lat' dir='ltr'>in</span> <span class='ocrx_word' id='word_1_191' title='bbox 552 1726 757 1775; x_wconf 86' lang='lat' dir='ltr'>propatulo</span> <span class='ocrx_word' id='word_1_192' title='bbox 785 1730 855 1765; x_wconf 87' lang='lat' dir='ltr'>est.</span> 
     </span>
    </p>

    <p class='ocr_par' dir='ltr' id='par_1_8' title="bbox 211 1794 1602 1916">
     <span class='ocr_line' id='line_1_24' title="bbox 338 1794 1602 1848; baseline 0 -14"><span class='ocrx_word' id='word_1_193' title='bbox 338 1796 381 1846; x_wconf 85' lang='lat' dir='ltr'>d)</span> <span class='ocrx_word' id='word_1_194' title='bbox 424 1794 564 1834; x_wconf 86' lang='grc' dir='ltr'>Γίνεταί</span> <span class='ocrx_word' id='word_1_195' title='bbox 600 1810 658 1848; x_wconf 84' lang='grc' dir='ltr'>μοι</span> <span class='ocrx_word' id='word_1_196' title='bbox 696 1808 785 1834; x_wconf 90' lang='lat' dir='ltr'>cum</span> <span class='ocrx_word' id='word_1_197' title='bbox 828 1796 1042 1843; x_wconf 88' lang='lat' dir='ltr'>adverbiis;</span> <span class='ocrx_word' id='word_1_198' title='bbox 1085 1796 1201 1835; x_wconf 90' lang='lat' dir='ltr'>semel</span> <span class='ocrx_word' id='word_1_199' title='bbox 1244 1808 1334 1834; x_wconf 92' lang='lat' dir='ltr'>cum</span> <span class='ocrx_word' id='word_1_200' title='bbox 1375 1796 1602 1845; x_wconf 83' lang='lat' dir='ltr'>periphrasi,</span> 
     </span>
     <span class='ocr_line' id='line_1_25' title="bbox 211 1866 884 1916; baseline 0.001 -12"><span class='ocrx_word' id='word_1_201' title='bbox 211 1878 328 1915; x_wconf 87' lang='lat' dir='ltr'>quam</span> <span class='ocrx_word' id='word_1_202' title='bbox 357 1866 532 1915; x_wconf 89' lang='lat' dir='ltr'>dicimus,</span> <span class='ocrx_word' id='word_1_203' title='bbox 560 1866 884 1916; x_wconf 87' lang='lat' dir='ltr'>praepositionali.</span> 
     </span>
    </p>

    <p class='ocr_par' dir='ltr' id='par_1_9' title="bbox 211 1930 1604 2060">
     <span class='ocr_line' id='line_1_26' title="bbox 340 1930 1604 1990; baseline 0 -16"><span class='ocrx_word' id='word_1_204' title='bbox 340 1936 379 1987; x_wconf 93' lang='grc' dir='ltr'>α)</span> <span class='ocrx_word' id='word_1_205' title='bbox 409 1949 445 1989; x_wconf 91' lang='grc' dir='ltr'>γ.</span> <span class='ocrx_word' id='word_1_206' title='bbox 477 1951 514 1990; x_wconf 82' lang='grc' dir='ltr'>μ.</span> <span class='ocrx_word' id='word_1_207' title='bbox 546 1932 600 1986; x_wconf 78' lang='grc' dir='ltr'>εὖ,</span> <span class='ocrx_word' id='word_1_208' title='bbox 638 1937 652 1975; x_wconf 94' lang='lat'>1</span> <span class='ocrx_word' id='word_1_209' title='bbox 684 1937 772 1986; x_wconf 85' lang='lat'>132,</span> <span class='ocrx_word' id='word_1_210' title='bbox 801 1938 826 1975; x_wconf 87' lang='lat'>9</span> <span class='ocrx_word' id='word_1_211' title='bbox 854 1935 874 1973; x_wconf 82' lang='grc' dir='ltr'>ὃ</span> <span class='ocrx_word' id='word_1_212' title='bbox 903 1930 942 1974; x_wconf 73' lang='grc' dir='ltr'>δὲ</span> <span class='ocrx_word' id='word_1_213' title='bbox 968 1942 1058 1974; x_wconf 85' lang='grc' dir='ltr'>τοῖσι</span> <span class='ocrx_word' id='word_1_214' title='bbox 1084 1941 1170 1973; x_wconf 82' lang='grc' dir='ltr'>πᾶσι</span> <span class='ocrx_word' id='word_1_215' title='bbox 1199 1935 1355 1990; x_wconf 74' lang='grc' dir='ltr'>Πέρσῃσι</span> <span class='ocrx_word' id='word_1_216' title='bbox 1382 1936 1604 1989; x_wconf 83' lang='grc' dir='ltr'>κατεύχεται</span> 
     </span>
     <span class='ocr_line' id='line_1_27' title="bbox 211 2003 455 2060; baseline 0 -15"><span class='ocrx_word' id='word_1_217' title='bbox 211 2003 250 2045; x_wconf 82' lang='grc' dir='ltr'>εὖ</span> <span class='ocrx_word' id='word_1_218' title='bbox 279 2007 455 2060; x_wconf 61' lang='grc' dir='ltr'>γίνεσθαι.</span> 
     </span>
    </p>

    <p class='ocr_par' dir='ltr' id='par_1_10' title="bbox 186 2072 1602 2556">
     <span class='ocr_line' id='line_1_28' title="bbox 315 2072 1601 2131; baseline 0.001 -16"><span class='ocrx_word' id='word_1_219' title='bbox 315 2076 377 2128; x_wconf 88' lang='grc' dir='ltr'>·β)</span> <span class='ocrx_word' id='word_1_220' title='bbox 406 2091 442 2131; x_wconf 84' lang='grc' dir='ltr'>γ.</span> <span class='ocrx_word' id='word_1_221' title='bbox 472 2092 510 2131; x_wconf 79' lang='grc' dir='ltr'>μ.</span> <span class='ocrx_word' id='word_1_222' title='bbox 541 2083 672 2126; x_wconf 81' lang='grc' dir='ltr'>κακῶς,</span> <span class='ocrx_word' id='word_1_223' title='bbox 703 2089 856 2128; x_wconf 88' lang='lat' dir='ltr'>semper</span> <span class='ocrx_word' id='word_1_224' title='bbox 884 2077 931 2118; x_wconf 89' lang='lat' dir='ltr'>de</span> <span class='ocrx_word' id='word_1_225' title='bbox 958 2078 1062 2117; x_wconf 87' lang='lat' dir='ltr'>malo</span> <span class='ocrx_word' id='word_1_226' title='bbox 1090 2077 1214 2117; x_wconf 85' lang='lat' dir='ltr'>fatali:</span> <span class='ocrx_word' id='word_1_227' title='bbox 1247 2072 1335 2126; x_wconf 75' lang='grc' dir='ltr'><strong>ἔδεε,</strong></span> <span class='ocrx_word' id='word_1_228' title='bbox 1355 2082 1455 2131; x_wconf 53' lang='grc' dir='ltr'>νχρῆν</span> <span class='ocrx_word' id='word_1_229' title='bbox 1484 2078 1540 2129; x_wconf 58' lang='lat' dir='ltr'>(z</span> <span class='ocrx_word' id='word_1_230' title='bbox 1562 2078 1601 2116; x_wconf 94' lang='lat' dir='ltr'>in</span> 
     </span>
     <span class='ocr_line' id='line_1_29' title="bbox 208 2142 1600 2202; baseline 0 -16"><span class='ocrx_word' id='word_1_231' title='bbox 208 2148 296 2187; x_wconf 83' lang='lat' dir='ltr'>fatis</span> <span class='ocrx_word' id='word_1_232' title='bbox 324 2149 422 2197; x_wconf 79' lang='lat' dir='ltr'>erat)</span> <span class='ocrx_word' id='word_1_233' title='bbox 452 2161 488 2200; x_wconf 90' lang='grc' dir='ltr'>γ.</span> <span class='ocrx_word' id='word_1_234' title='bbox 510 2154 652 2192; x_wconf 69' lang='grc' dir='ltr'>κακῶςε</span> <span class='ocrx_word' id='word_1_235' title='bbox 682 2149 696 2186; x_wconf 92' lang='grc' dir='ltr'>Ι</span> <span class='ocrx_word' id='word_1_236' title='bbox 718 2150 754 2198; x_wconf 87' lang='grc'>8,</span> <span class='ocrx_word' id='word_1_237' title='bbox 784 2149 809 2187; x_wconf 88' lang='grc'><strong>9</strong></span> <span class='ocrx_word' id='word_1_238' title='bbox 829 2153 918 2201; x_wconf 85' lang='grc' dir='ltr'>χρῆν</span> <span class='ocrx_word' id='word_1_239' title='bbox 946 2148 1015 2202; x_wconf 79' lang='grc' dir='ltr'>γὰρ</span> <span class='ocrx_word' id='word_1_240' title='bbox 1043 2142 1239 2202; x_wconf 75' lang='grc' dir='ltr'>Κανδαύλῃ</span> <span class='ocrx_word' id='word_1_241' title='bbox 1269 2148 1441 2202; x_wconf 66' lang='grc' dir='ltr'>γενέσὲαι</span> <span class='ocrx_word' id='word_1_242' title='bbox 1469 2155 1600 2196; x_wconf 75' lang='grc' dir='ltr'>κακῶς,</span> 
     </span>
     <span class='ocr_line' id='line_1_30' title="bbox 208 2212 1602 2274; baseline 0.001 -17"><span class='ocrx_word' id='word_1_243' title='bbox 208 2219 237 2257; x_wconf 89' lang='grc' dir='ltr'>ΙΙ</span> <span class='ocrx_word' id='word_1_244' title='bbox 269 2218 369 2269; x_wconf 89' lang='grc'>161,</span> <span class='ocrx_word' id='word_1_245' title='bbox 406 2219 430 2257; x_wconf 95' lang='grc'><strong>7</strong></span> <span class='ocrx_word' id='word_1_246' title='bbox 471 2223 528 2269; x_wconf 87' lang='lat'>(=</span> <span class='ocrx_word' id='word_1_247' title='bbox 557 2218 607 2257; x_wconf 93' lang='lat' dir='ltr'>1V</span> <span class='ocrx_word' id='word_1_248' title='bbox 636 2219 703 2265; x_wconf 83' lang='lat'>79)</span> <span class='ocrx_word' id='word_1_249' title='bbox 743 2219 818 2258; x_wconf 78' lang='grc' dir='ltr'>ἐπεὶ</span> <span class='ocrx_word' id='word_1_250' title='bbox 846 2212 886 2258; x_wconf 74' lang='grc' dir='ltr'>δέ</span> <span class='ocrx_word' id='word_1_251' title='bbox 913 2221 945 2257; x_wconf 91' lang='grc' dir='ltr'>οἱ</span> <span class='ocrx_word' id='word_1_252' title='bbox 974 2213 1052 2258; x_wconf 76' lang='grc' dir='ltr'>ἔδεε</span> <span class='ocrx_word' id='word_1_253' title='bbox 1079 2220 1198 2264; x_wconf 76' lang='grc' dir='ltr'>κακῶς</span> <span class='ocrx_word' id='word_1_254' title='bbox 1225 2219 1419 2273; x_wconf 60' lang='grc' dir='ltr'>γενέσθαι,</span> <span class='ocrx_word' id='word_1_255' title='bbox 1458 2219 1602 2274; x_wconf 77' lang='grc' dir='ltr'>ἐγένετο</span> 
     </span>
     <span class='ocr_line' id='line_1_31' title="bbox 211 2284 1602 2344; baseline 0.001 -17"><span class='ocrx_word' id='word_1_256' title='bbox 211 2289 282 2327; x_wconf 81' lang='grc' dir='ltr'>ἀπὸ</span> <span class='ocrx_word' id='word_1_257' title='bbox 310 2290 500 2343; x_wconf 80' lang='grc' dir='ltr'>προφάσιος</span> <span class='ocrx_word' id='word_1_258' title='bbox 527 2287 594 2343; x_wconf 76' lang='grc' dir='ltr'>τὴν</span> <span class='ocrx_word' id='word_1_259' title='bbox 623 2290 697 2343; x_wconf 83' lang='grc' dir='ltr'>ἐγὼ</span> <span class='ocrx_word' id='word_1_260' title='bbox 711 2310 747 2320; x_wconf 64' lang='grc' dir='ltr'><strong><em>ω</em></strong></span> <span class='ocrx_word' id='word_1_261' title='bbox 761 2288 1003 2343; x_wconf 79' lang='grc' dir='ltr'>ἀπηγήσομαι.</span> <span class='ocrx_word' id='word_1_262' title='bbox 1034 2291 1086 2329; x_wconf 83' lang='lat' dir='ltr'>IX</span> <span class='ocrx_word' id='word_1_263' title='bbox 1108 2291 1196 2340; x_wconf 86' lang='lat'>109,</span> <span class='ocrx_word' id='word_1_264' title='bbox 1228 2292 1333 2330; x_wconf 87' lang='lat'>7—8</span> <span class='ocrx_word' id='word_1_265' title='bbox 1353 2295 1401 2344; x_wconf 82' lang='grc' dir='ltr'>τῇ</span> <span class='ocrx_word' id='word_1_266' title='bbox 1422 2284 1462 2329; x_wconf 75' lang='grc' dir='ltr'>δὲ</span> <span class='ocrx_word' id='word_1_267' title='bbox 1481 2297 1602 2335; x_wconf 72' lang='grc' dir='ltr'>κακῶς</span> 
     </span>
     <span class='ocr_line' id='line_1_32' title="bbox 186 2353 1602 2415; baseline 0.002 -18"><span class='ocrx_word' id='word_1_268' title='bbox 186 2359 277 2413; x_wconf 76' lang='grc' dir='ltr'>,γὰρ</span> <span class='ocrx_word' id='word_1_269' title='bbox 315 2353 393 2398; x_wconf 69' lang='grc' dir='ltr'>ἔδεε</span> <span class='ocrx_word' id='word_1_270' title='bbox 428 2361 590 2414; x_wconf 79' lang='grc' dir='ltr'>πανοικίῃ</span> <span class='ocrx_word' id='word_1_271' title='bbox 620 2360 813 2413; x_wconf 62' lang='grc' dir='ltr'>γενέσθαι,</span> <span class='ocrx_word' id='word_1_272' title='bbox 852 2360 935 2414; x_wconf 78' lang='grc' dir='ltr'>πρὸς</span> <span class='ocrx_word' id='word_1_273' title='bbox 962 2366 1082 2398; x_wconf 85' lang='grc' dir='ltr'>ταῦτα</span> <span class='ocrx_word' id='word_1_274' title='bbox 1110 2358 1186 2399; x_wconf 82' lang='grc' dir='ltr'>εἷπε</span> <span class='ocrx_word' id='word_1_275' title='bbox 1215 2359 1332 2415; x_wconf 79' lang='grc' dir='ltr'>Ξέρξῃ</span> <span class='ocrx_word' id='word_1_276' title='bbox 1373 2361 1435 2414; x_wconf 73' lang='grc' dir='ltr'>(τῇ</span> <span class='ocrx_word' id='word_1_277' title='bbox 1465 2355 1505 2400; x_wconf 73' lang='grc' dir='ltr'>δέ</span> <span class='ocrx_word' id='word_1_278' title='bbox 1533 2373 1602 2411; x_wconf 86' lang='lat' dir='ltr'>per</span> 
     </span>
     <span class='ocr_line' id='line_1_33' title="bbox 208 2425 1601 2484; baseline 0.002 -17"><span class='ocrx_word' id='word_1_279' title='bbox 208 2430 478 2469; x_wconf 86' lang='lat' dir='ltr'>attractionem</span> <span class='ocrx_word' id='word_1_280' title='bbox 515 2431 757 2479; x_wconf 86' lang='lat' dir='ltr'>parenthesis</span> <span class='ocrx_word' id='word_1_281' title='bbox 785 2451 826 2462; x_wconf 86' lang='lat'>=</span> <span class='ocrx_word' id='word_1_282' title='bbox 854 2433 877 2483; x_wconf 82' lang='grc' dir='ltr'>ἡ</span> <span class='ocrx_word' id='word_1_283' title='bbox 907 2425 968 2482; x_wconf 76' lang='grc' dir='ltr'>δέ,</span> <span class='ocrx_word' id='word_1_284' title='bbox 1006 2437 1127 2475; x_wconf 80' lang='grc' dir='ltr'>κακῶς</span> <span class='ocrx_word' id='word_1_285' title='bbox 1164 2430 1233 2484; x_wconf 79' lang='grc' dir='ltr'>γάρ</span> <span class='ocrx_word' id='word_1_286' title='bbox 1270 2434 1301 2468; x_wconf 87' lang='grc' dir='ltr'>οἱ</span> <span class='ocrx_word' id='word_1_287' title='bbox 1334 2431 1444 2481; x_wconf 85' lang='grc' dir='ltr'>κτὲ.).</span> <span class='ocrx_word' id='word_1_288' title='bbox 1500 2431 1601 2470; x_wconf 85' lang='lat' dir='ltr'>Cum</span> 
     </span>
     <span class='ocr_line' id='line_1_34' title="bbox 207 2494 1600 2556; baseline 0.001 -18"><span class='ocrx_word' id='word_1_289' title='bbox 207 2498 402 2540; x_wconf 78' lang='lat' dir='ltr'>subiecto:</span> <span class='ocrx_word' id='word_1_290' title='bbox 441 2500 455 2538; x_wconf 94' lang='grc' dir='ltr'>Ι</span> <span class='ocrx_word' id='word_1_291' title='bbox 484 2500 520 2550; x_wconf 90' lang='grc'>9,</span> <span class='ocrx_word' id='word_1_292' title='bbox 550 2500 574 2539; x_wconf 86' lang='grc'>2</span> <span class='ocrx_word' id='word_1_293' title='bbox 606 2494 792 2556; x_wconf 79' lang='grc' dir='ltr'>ἀρρωδέων</span> <span class='ocrx_word' id='word_1_294' title='bbox 821 2498 870 2556; x_wconf 77' lang='grc' dir='ltr'>μή</span> <span class='ocrx_word' id='word_1_295' title='bbox 899 2501 935 2538; x_wconf 91' lang='grc' dir='ltr'>τί</span> <span class='ocrx_word' id='word_1_296' title='bbox 962 2503 993 2539; x_wconf 86' lang='grc' dir='ltr'>οἱ</span> <span class='ocrx_word' id='word_1_297' title='bbox 1022 2499 1061 2552; x_wconf 81' lang='grc' dir='ltr'>ἑξ</span> <span class='ocrx_word' id='word_1_298' title='bbox 1090 2503 1209 2539; x_wconf 81' lang='grc' dir='ltr'>αὐτῶν</span> <span class='ocrx_word' id='word_1_299' title='bbox 1237 2500 1385 2555; x_wconf 82' lang='grc' dir='ltr'>γένηται</span> <span class='ocrx_word' id='word_1_300' title='bbox 1412 2501 1534 2551; x_wconf 80' lang='grc' dir='ltr'>κακόν,</span> <span class='ocrx_word' id='word_1_301' title='bbox 1568 2501 1600 2541; x_wconf 95' lang='lat' dir='ltr'>V</span> 
     </span>
    </p>
   </div>
  </div>
 </body>
</html>
