1836 2828
352 277 389 326 β)
418 278 433 316 I
461 278 498 325 9,
536 278 585 317 14
621 279 675 316 σοὶ
708 278 852 331 μελέτω
888 278 932 316 τὰ
970 278 1142 317 ἐνθεῦτεν
1179 279 1271 322 ὅκως
1308 276 1358 331 μή
1396 293 1437 316 σε
1474 275 1613 330 ὄψεται.

221 347 381 387 Locutio
416 348 461 386 τὸ
498 348 672 387 ἐνθεῦτεν
709 349 921 389 adverbiali
958 361 1073 389 sensu
1112 353 1302 399 usurpata
1340 353 1399 388 est
1433 353 1472 388 ut
1502 348 1546 386 τὸ
1575 342 1615 386 δὲ

221 417 293 455 ἀπὸ
319 417 450 456 τούτου
478 419 525 457 cf.
557 419 647 458 adn.
677 420 729 468 2).
760 420 811 458 IX
839 420 902 468 72,
930 420 956 458 9
984 422 1026 457 οὐ
1054 420 1174 472 μέλειν
1201 423 1233 457 οἱ
1260 420 1316 457 ὅτι
1343 419 1411 472 πρὸ
1438 423 1504 471 τῆς
1532 417 1617 456 Ἐλ-

220 480 329 532 λάδος
360 487 595 541 ἀποθνήσκει.

350 558 387 608 c)
424 559 683 598 Pei-sonaliter
710 560 723 596 I
752 560 821 608 36,
862 561 910 598 16
937 559 1110 612 νεόγαμός
1138 574 1181 598 τε
1208 560 1277 613 γὰρ
1306 561 1381 598 ἐστὶ
1408 561 1469 598 καὶ
1495 558 1616 597 ταῦτά

221 630 252 665 οἱ
279 633 339 665 νῦν
367 628 488 680 μέλει,
528 628 608 667 VIII
636 629 708 677 72,
746 630 770 668 7
799 635 889 667 τοῖσι
918 623 957 667 δὲ
987 629 1125 668 ἄλλοισι
1164 628 1471 683 Πελοποννησίοισι
1509 632 1615 683 ἔμελε

221 692 342 748 οὐδέν,
386 699 431 737 III
462 699 563 752 155,
603 700 654 739 37
682 699 726 738 τὸ
755 693 795 738 δὲ
823 699 994 739 ἐνθεῦτεν
1023 701 1100 754 ἐμοί
1126 715 1169 740 τε
1197 702 1258 740 καὶ
1286 700 1441 756 Πέρσῃσι
1469 699 1615 755 μελήσει

219 770 269 808 τοὶ
298 769 367 820 (=
387 769 426 821 ἃ)
456 765 513 809 δεῖ
524 770 556 822 ¹)
584 771 723 810 ποιέειν.
799 758 803 760 .

354 942 498 983 patriam
523 942 581 982 (ad
604 942 806 984 Strymona),
830 942 986 975 Formam
1003 942 1096 974 verbi
1113 941 1229 985 μελήσει
1244 942 1298 974 vel
1316 942 1429 985 μελέτω
1446 943 1616 975 intellecto

350 1002 409 1034 inf.
433 1001 580 1039 σώζεσθαι
612 1000 835 1034 subaudimus
869 1002 1048 1035 Abichtum
1073 1002 1179 1035 secuti
1202 1003 1237 1034 in
1261 1003 1372 1044 priore
1395 1005 1490 1044 parte
1513 1012 1618 1035 enun-

350 1060 499 1093 tiationis
530 1061 618 1104 μέχρι
640 1060 709 1103 μὲν.
724 1062 823 1104 .ὑμῖν;
856 1062 911 1093 cui
934 1061 981 1093 rei
1015 1062 1105 1094 favet
1135 1064 1209 1094 arta
1239 1062 1412 1103 copulatio
1443 1062 1618 1102 utriusque

351 1120 456 1162 partis
486 1131 546 1163 per
576 1120 759 1162 particulas
789 1120 887 1164 μέν-
899 1120 938 1153 δέ.
984 1121 1096 1153 Minus
1127 1121 1351 1163 probabiliter
1378 1121 1512 1154 videtur
1534 1121 1618 1154 mihi

352 1180 500 1221 Krueger
515 1181 549 1213 in
566 1180 633 1213 illis
656 1180 741 1224 μέχρι
763 1179 814 1224 μὲν
835 1179 885 1212 κτὲ
908 1181 950 1213 de
966 1181 1158 1223 supplendo
1180 1180 1300 1223 παρέχει
1323 1181 1488 1222 cogitasse
1512 1184 1618 1223 (pror-

350 1249 409 1272 sus
440 1239 609 1272 reicienda
639 1243 690 1273 est
721 1240 825 1273 dativi
855 1239 965 1271 αὐτοῖσι
997 1240 1059 1284 ὑμῖν
1082 1240 1315 1282 interpretatio
1339 1241 1424 1273 haec
1449 1241 1535 1284 »perj
1554 1251 1617 1274 vos

351 1299 474 1340 ipsos«,
499 1309 530 1332 v,
554 1299 631 1332 adn.
658 1300 839 1342 Kruegeri).
863 1298 904 1330 To
928 1298 985 1331 &nb
1009 1300 1113 1331 τούτου
1135 1300 1326 1333 adhibitum
1361 1304 1411 1333 est
1434 1311 1537 1333 sensu
1561 1300 1619 1333 ad-

351 1359 509 1400 verbiali⁸,
541 1360 582 1391 cf.
606 1359 717 1391 Herod
751 1359 825 1400 14,
858 1359 953 1391 1—2.
991 1359 1068 1399 130,
1103 1359 1152 1392 10.
1185 1360 1367 1396 V1130‚2
1413 1360 1456 1391 IX
1480 1361 1531 1399 57,
1565 1360 1616 1392 18.

351 1419 451 1451 Falso
475 1418 549 1451 sine
572 1418 675 1452 dubio
699 1419 1003 1461 Schweighaeuser
1027 1419 1144 1452 statuit
1160 1419 1315 1452 hocloco
1332 1419 1616 1452 constructionem

351 1479 565 1520 personalem
588 1482 722 1512 exstare
745 1479 836 1521 (Lex.
860 1490 886 1511 s.
911 1490 942 1511 v.
967 1479 1089 1522 μέλειν);
1121 1490 1190 1512 non
1219 1480 1310 1512 enim
1334 1480 1445 1521 ipsum
1469 1480 1616 1520 spatium

351 1548 372 1570 a
396 1538 480 1570 mari
504 1548 611 1579 usque
635 1538 679 1571 ad
702 1539 915 1580 Strymonem
947 1538 992 1582 (τὸ
1016 1537 1075 1570 ἀπὸ
1105 1539 1219 1582 τούτου)
1250 1542 1465 1579 curaturum,
1497 1538 1556 1571 sed
1580 1542 1618 1571 ut

352 1597 429 1631 inde
459 1608 481 1631 a
511 1599 597 1631 mari
632 1598 676 1631 ad
713 1599 926 1640 Strymonem
961 1599 1112 1632 Paeones
1146 1599 1334 1632 incolumes
1369 1602 1617 1632 reverterentur

351 1656 521 1700 (σώζεσθαι)
552 1658 667 1690 animo
698 1668 735 1689 se
764 1658 997 1690 laboraturum
1027 1658 1242 1699 promittebat
1264 1659 1486 1699 Aristagoras.
1532 1657 1616 1690 Cum

351 1717 671 1759 Schweighaeusero
702 1718 882 1750 manifesto
913 1718 1056 1756 faciunt,
1088 1718 1145 1758 qui
1176 1728 1284 1760 nuper
1314 1718 1356 1750 de
1390 1718 1482 1750 infin.
1514 1718 1617 1750 Hero-

349 1777 449 1809 doteo
471 1777 694 1819 scripserunt,
720 1777 898 1810 Heilmann
922 1781 955 1810 et
978 1777 1103 1819 Sharp,
1137 1788 1215 1809 cum
1239 1778 1431 1819 exemplum
1458 1778 1522 1810 hoc
1545 1788 1615 1810 non

353 1837 543 1879 respiciant.

303 1898 324 1941 ¹)
348 1899 392 1931 ΠΙ
417 1897 490 1938 155,
514 1898 556 1930 37
581 1896 697 1940 μελήσει
719 1895 800 1939 τάδε]
823 1896 925 1928 ποιέειν
948 1897 1086 1930 tradunt
1107 1897 1183 1929 libri
1207 1897 1438 1938 manuscripti.
1477 1896 1614 1929 Mendo-

350 1968 426 1990 sum
450 1968 525 1990 esse
548 1956 617 1988 τάδε
638 1957 692 1989 vel
716 1957 794 1989 inde
818 1957 973 1998 colligas:
1008 1957 1161 1998 Zopyrus
1185 1960 1362 1998 postquam
1387 1959 1535 1989 astutam
1559 1967 1614 1988 ex-

350 2017 551 2059 pugnandae
567 2016 751 2058 Babylonis
767 2016 841 2049 iniit
857 2016 1033 2056 rationem,
1050 2016 1230 2048 consilium
1246 2025 1347 2047 suum
1363 2015 1463 2048 Dario
1476 2015 1616 2056 exponit

350 2076 394 2118 (v.
420 2076 578 2118 17—36);
603 2076 716 2117 itaque
740 2085 927 2117 pronomen
951 2074 1019 2106 τάδε
1041 2075 1084 2108 ad
1107 2075 1212 2107 verba
1237 2074 1464 2107 remotissima
1487 2073 1615 2117 αἱρέομεν

352 2135 509 2176 Βαβυλῶνα
532 2146 610 2168 vers
646 2136 687 2168 17
711 2136 827 2168 referri
850 2135 1003 2168 deberet!
1028 2134 1215 2167 Difficultas
1238 2135 1322 2166 haec
1346 2135 1483 2166 minime
1506 2145 1614 2166 remo-

350 2198 448 2228 vetur
470 2195 578 2228 altero
601 2194 703 2227 simili
727 2194 803 2227 loco
826 2194 986 2228 Herodoti
1010 2195 1079 2227 VIII
1102 2194 1154 2234 69,
1180 2194 1219 2227 11
1245 2204 1346 2235 quem
1371 2193 1440 2226 Eltz
1465 2193 1612 2233 (Jahrbb.

348 2255 462 2297 Suppl.
488 2255 531 2287 IX
546 2255 623 2297 343)
647 2255 682 2287 in
698 2255 986 2297 comparationem
1010 2254 1153 2294 vocavit,
1179 2257 1216 2287 ut
1231 2254 1397 2295 integram
1414 2253 1612 2286 memoriam

348 2314 503 2349 codicum
525 2315 562 2348 in
585 2315 748 2358 parallelo
771 2315 831 2348 illo
853 2313 922 2347 τάδε
954 2313 1080 2359 (μελήσει
1103 2313 1181 2357 τάδε)
1211 2317 1381 2348 servatam
1406 2324 1481 2347 esse
1503 2317 1615 2348 osten-

348 2375 458 2414 deret,
490 2375 537 2407 ihi
560 2375 651 2407 enim
674 2375 743 2408 alia
765 2379 817 2408 est
839 2375 950 2417 potior
972 2374 1152 2416 explicatio
1184 2374 1426 2416 probandaque
1457 2375 1512 2414 (cf.
1536 2374 1612 2406 adn.

348 2443 378 2467 a.
402 2434 435 2467 h.
459 2434 480 2467 I.
504 2433 658 2476 Baehrii,
690 2434 995 2477 interpunctionem
1018 2433 1263 2467 vocabulorum
1294 2434 1329 2466 in
1360 2436 1452 2467 textu
1481 2433 1615 2467 Abichti

350 2497 383 2527 et
399 2494 539 2536 Steinii).
565 2495 630 2527 Sed
647 2495 737 2536 quod
753 2495 889 2527 Dietsch
913 2495 979 2534 (ed.
1003 2494 1090 2527 1864
1111 2495 1216 2536 praef.
1233 2505 1264 2535 p.
1281 2495 1351 2534 XV)
1375 2497 1480 2535 putat,
1503 2494 1615 2535 inepte

347 2563 441 2595 pron.
458 2551 526 2584 τάδε
541 2563 617 2586 esse
640 2553 799 2596 positum,
824 2563 901 2587 cum
925 2553 1050 2586 Persae
1073 2553 1196 2596 Zopyri
1219 2553 1399 2586 consilium
1422 2553 1614 2595 ignorantes
