1836 2828
782 151 1054 190 ,15-

354 281 400 328 Β)
431 276 640 333 Μεταμέλει
667 293 726 333 μοι
760 280 951 330 »poenitet
980 292 1080 319 me«.

354 350 465 397 Quod
495 351 657 389 verbum
694 350 852 390 adhibet
879 350 1019 390 Herod.
1058 351 1101 401 a)
1140 351 1244 389 nulio
1272 351 1445 390 subiecto
1475 351 1617 401 addito,

224 420 264 471 h)
291 420 554 470 personaliter.
958 432 961 433 ⁷

355 492 397 541 a)
434 492 476 529 In
503 491 579 530 hoo
605 503 680 530 usu
708 503 744 529 v,
773 490 968 544 μεταμέλει
997 504 1056 544 μοι
1083 491 1352 540 distinguenda
1381 495 1471 530 sunt
1498 491 1617 532 haec:

225 560 265 612 α)
300 573 419 600 causa
447 562 667 611 poenitendi
694 573 773 600 non
801 561 974 611 affertur,
1012 562 1051 611 β)
1089 573 1248 601 causam
1287 563 1466 612 exprimit
1502 564 1620 612 parti-

225 631 379 681 cipium.

355 701 396 752 α)
424 702 470 740 ΠΙ
497 701 563 750 36,
593 700 646 740 25
674 703 704 739 εἰ
732 699 796 753 μὲν
824 699 1056 754 μεταμελήσῃ
1076 707 1132 750 τῷ
1160 700 1338 756 Καμβύσῃ
1368 704 1428 740 καὶ
1447 703 1616 757 ἐπιζητέῃ

225 772 289 809 τὸν
318 770 466 825 Κροῖσον
494 772 598 821 (ibid.
628 783 663 809 v.
692 771 743 810 27
766 783 855 810 cum
884 771 1058 810 subiecto
1085 769 1128 823 ἢν
1147 765 1187 809 δὲ
1206 770 1255 825 μὴ
1275 772 1566 827 μεταμέληται..
1583 775 1620 826 .),

227 842 277 882 IV
309 843 397 893 159,
429 843 489 882 11.

357 914 395 964 β)
423 915 438 952 Ι
470 914 558 962 130,
590 916 614 953 6
643 912 779 966 ὑστέρῳ
806 912 928 966 μέντοι
956 912 1073 965 χρόνῳ
1101 912 1325 966 μετεμέλησέ
1352 914 1395 951 τέ
1424 927 1482 967 σφι
1500 920 1620 952 ταῦτα

227 982 410 1037 ποιήσασι,
449 985 496 1028 111
527 985 625 1034 140,
654 985 706 1023 2i
735 987 782 1028 ὡς
811 982 950 1037 μήκοτε
978 998 1034 1021 τοι
1061 982 1296 1038 μεταμελήσῃ
1326 984 1473 1038 Δαρεῖον
1503 1016 1511 1023 .
1544 1017 1552 1024 .
1584 983 1621 1024 εὖ

227 1053 423 1107 ποιήσαντι,
456 1055 505 1093 lV
525 1055 617 1095 203.
645 1057 669 1093 9
695 1054 917 1107 μετεμέλησέ
952 1067 1012 1107 σφι
1039 1056 1080 1091 οὐ
1109 1059 1231 1103 σχοῦσι
1258 1053 1325 1108 τὴν
1353 1053 1529 1110 Κυρήνην,
1562 1057 1624 1095 Vll

231 1126 295 1176 29,
321 1126 371 1166 15
388 1128 430 1164 οὐ
449 1124 518 1178 γάρ
538 1139 594 1163 τοι
612 1130 733 1163 ταῦτα
749 1131 905 1163 ποιεῦντι
918 1145 953 1156 ω
967 1124 1219 1178 μεταμελήσει,
1251 1126 1314 1164 Vll
1334 1127 1397 1175 54,
1431 1128 1480 1165 13
1508 1131 1538 1165 εἰ
1565 1141 1629 1180 με·

227 1196 405 1250 τεμέλησέ
432 1199 464 1233 οἱ
491 1196 553 1234 τὸν
583 1194 848 1249 Ἑλλήσποντον
876 1195 1165 1248 μαστιγώσαντι,
1207 1197 1254 1234 IX
1286 1197 1352 1247 89,
1398 1198 1442 1236 17
1482 1199 1523 1235 οὐ
1550 1198 1619 1252 γαρ

229 1270 308 1321 ὑμῖν
336 1268 370 1312 ἐς
399 1267 522 1321 χρόνον
549 1272 669 1304 ταῦτα
696 1271 829 1305 ποιεῦσι
856 1265 1108 1319 μεταμελήσει.

359 1338 398 1388 b)
428 1337 696 1386 Personaliter,
724 1337 775 1375 VI
804 1337 877 1386 63,
919 1337 966 1375 11
997 1338 1059 1374 καὶ
1083 1343 1137 1386 τῷ
1167 1335 1350 1391 Ἀρίστωνι
1377 1338 1421 1376 τὸ
1450 1338 1627 1392 εἰρημένον

230 1407 407 1461 μετέμελε
445 1408 506 1456 (of.
537 1409 703 1446 Pausan,
732 1408 777 1445 111
807 1408 830 1445 7
861 1409 885 1456 ξ
913 1408 937 1445 7
966 1413 1095 1444 τοῦτον
1124 1407 1188 1460 μὲν
1218 1406 1446 1460 (Ἀρίστωνα)
1476 1403 1520 1460 δὴ
1549 1415 1623 1446 τῶν

230 1477 418 1532 εἰρημένων
456 1476 628 1529 μετάνοια
669 1478 797 1527 ἔλαβεν
826 1476 998 1531 ὕστερον),
1037 1478 1087 1516 IX
1121 1477 1153 1527 1,
1183 1478 1208 1517 5
1236 1483 1326 1516 τοῖσι
1355 1471 1395 1516 δὲ
1424 1475 1627 1532 Θεσσαλίης

227 1547 446 1602 ἡγεομένοισι
474 1548 559 1586 οὔτε
585 1548 636 1586 τοὶ
662 1549 729 1602 πρὸ
765 1554 831 1586 τοῦ
862 1548 1097 1602 πεπρηγμένα
1125 1548 1302 1601 μετέμελε
1330 1543 1444 1587 οὐδέν.
1501 1549 1624 1588 Cuius

230 1619 378 1668 generis
405 1619 627 1669 personales
656 1619 962 1658 constructiones
990 1619 1170 1669 propriae
1197 1624 1288 1658 sunt
1315 1620 1522 1669 praecipue
1540 1631 1630 1658 ora-

230 1690 325 1728 tioni
352 1690 526 1739 poeticae
554 1691 730 1739 (Passow
759 1702 792 1728 s.
821 1702 856 1728 v.
885 1689 1110 1743 μεταμέλω).

233 1865 275 1907 3.
305 1864 555 1908 Enuntiata
574 1865 789 1918 actiones,
809 1865 976 1919 quibus
996 1876 1159 1908 sensus
1180 1864 1327 1908 nostri
1346 1864 1630 1920 afficiuntur,

782 1936 1085 1990 designantia.

364 2057 559 2095 Pei-tinent
596 2056 673 2095 huc
711 2056 941 2105 sententiae,
985 2068 1082 2106 quas
1125 2056 1294 2095 efficiunt
1338 2057 1481 2094 verba:
1525 2055 1627 2105 ὄζειν,

236 2125 390 2177 ἀπόζειν,
421 2126 610 2179 σημαίνειν,
639 2127 897 2180 προσημαίνειν.

367 2198 402 2235 1.
441 2198 484 2247 a)
521 2197 692 2236 Verbum
721 2198 883 2246 simplex
921 2197 1012 2247 ὄζειν
1042 2197 1163 2249 (μέσον
1193 2199 1300 2250 ῥῆμα)
1331 2197 1447 2235 semel
1476 2200 1627 2234 tantum

233 2267 315 2306 sine
352 2268 525 2306 subiecto
562 2267 666 2316 apud
708 2267 946 2306 Herodotum
989 2267 1101 2305 nobis
1145 2268 1313 2306 occurrit
1354 2266 1631 2315 significatione

238 2337 425 2377 ›iucunde
453 2337 601 2386 olere‹;
639 2337 863 2376 accusativo
901 2337 941 2376 in
979 2337 1105 2376 latinis
1134 2337 1392 2376 locutionibus
1421 2341 1485 2375 ut:
1526 2337 1630 2376 olere

234 2420 403 2458 crocum,
431 2409 522 2447 vina
550 2408 633 2447 sim.
662 2408 869 2458 respondet
897 2408 1116 2456 genetivus;
1144 2408 1194 2458 id,
1223 2408 1327 2458 quod
1346 2408 1507 2447 odorem
1527 2419 1631 2457 spar-

234 2479 297 2528 git,
325 2480 545 2518 continetur
573 2490 704 2528 praep.
738 2478 805 2515 ἀπό
833 2490 922 2517 cum
951 2482 1096 2526 genet:
1132 2479 1177 2516 111
1205 2478 1268 2528 23,
1298 2479 1322 2516 8
1353 2476 1431 2528 (ἀπ’
1459 2473 1500 2530 ἧς
1527 2477 1632 2515 λουό-

234 2563 330 2602 μενοι
357 2549 589 2602 λιπαρώτεροι
618 2549 785 2602 ὲγίνοντο,
816 2547 914 2586 κατά
941 2563 1006 2601 περ
1037 2552 1067 2586 εἰ
1092 2549 1212 2586 ἐλαίου
1241 2551 1295 2601 εἴη
1320 2556 1362 2590 <
1381 2551 1403 2600 ἡ
1425 2547 1534 2601 κρήνη
1553 2548 1629 2599 >).
