<?xml version="1.0" encoding="UTF-8"?>
<!DOCTYPE html PUBLIC "-//W3C//DTD XHTML 1.0 Transitional//EN"
    "http://www.w3.org/TR/xhtml1/DTD/xhtml1-transitional.dtd">
<html xmlns="http://www.w3.org/1999/xhtml" xml:lang="en" lang="en">
 <head>
  <title>
</title>
<meta http-equiv="Content-Type" content="text/html;charset=utf-8" />
  <meta name='ocr-system' content='tesseract 3.04.00' />
  <meta name='ocr-capabilities' content='ocr_page ocr_carea ocr_par ocr_line ocrx_word'/>
</head>
<body>
  <div class='ocr_page' id='page_1' title='image "4737892_0035.png"; bbox 0 0 1836 2828; ppageno 0'>
   <div class='ocr_carea' id='block_1_1' title="bbox 793 128 1058 170">
    <p class='ocr_par' dir='ltr' id='par_1_1' title="bbox 793 128 1058 170">
     <span class='ocr_line' id='line_1_1' title="bbox 793 128 1058 170; baseline 0 -11"><span class='ocrx_word' id='word_1_1' title='bbox 793 128 1058 170; x_wconf 79' lang='lat'>⁴-23....</span> 
     </span>
    </p>
   </div>
   <div class='ocr_carea' id='block_1_2' title="bbox 227 258 1625 586">
    <p class='ocr_par' dir='ltr' id='par_1_2' title="bbox 227 258 1622 378">
     <span class='ocr_line' id='line_1_2' title="bbox 227 258 1622 309; baseline 0 -11"><span class='ocrx_word' id='word_1_2' title='bbox 227 259 427 299; x_wconf 84' lang='lat' dir='ltr'>Sententia</span> <span class='ocrx_word' id='word_1_3' title='bbox 455 261 513 298; x_wconf 88' lang='lat' dir='ltr'>est</span> <span class='ocrx_word' id='word_1_4' title='bbox 540 258 643 308; x_wconf 84' lang='lat' dir='ltr'>talis,</span> <span class='ocrx_word' id='word_1_5' title='bbox 681 259 833 309; x_wconf 88' lang='lat' dir='ltr'>qualem</span> <span class='ocrx_word' id='word_1_6' title='bbox 862 259 984 299; x_wconf 84' lang='lat' dir='ltr'>habes</span> <span class='ocrx_word' id='word_1_7' title='bbox 1013 260 1116 309; x_wconf 83' lang='lat' dir='ltr'>apud</span> <span class='ocrx_word' id='word_1_8' title='bbox 1145 259 1296 299; x_wconf 83' lang='lat' dir='ltr'>Sallust.</span> <span class='ocrx_word' id='word_1_9' title='bbox 1326 258 1408 299; x_wconf 87' lang='lat' dir='ltr'>Cat.</span> <span class='ocrx_word' id='word_1_10' title='bbox 1442 258 1494 298; x_wconf 83' lang='lat'>52</span> <span class='ocrx_word' id='word_1_11' title='bbox 1525 259 1622 298; x_wconf 89' lang='lat' dir='ltr'>bene</span> 
     </span>
     <span class='ocr_line' id='line_1_3' title="bbox 232 329 1016 378; baseline -0.001 -10"><span class='ocrx_word' id='word_1_12' title='bbox 232 329 468 369; x_wconf 83' lang='lat' dir='ltr'>consulendo</span> <span class='ocrx_word' id='word_1_13' title='bbox 497 340 680 378; x_wconf 82' lang='lat' dir='ltr'><strong>prospere</strong></span> <span class='ocrx_word' id='word_1_14' title='bbox 708 329 839 368; x_wconf 82' lang='lat' dir='ltr'>omnia</span> <span class='ocrx_word' id='word_1_15' title='bbox 865 329 1016 369; x_wconf 83' lang='lat' dir='ltr'>cedunt.</span> 
     </span>
    </p>

    <p class='ocr_par' dir='ltr' id='par_1_3' title="bbox 231 396 1625 508">
     <span class='ocr_line' id='line_1_4' title="bbox 361 396 1625 447; baseline 0.001 -9"><span class='ocrx_word' id='word_1_16' title='bbox 361 400 401 447; x_wconf 80' lang='lat'>2)</span> <span class='ocrx_word' id='word_1_17' title='bbox 431 396 602 436; x_wconf 63' lang='grc' dir='ltr'>Γίνεσθαι</span> <span class='ocrx_word' id='word_1_18' title='bbox 630 398 906 446; x_wconf 84' lang='lat' dir='ltr'>significatione</span> <span class='ocrx_word' id='word_1_19' title='bbox 939 411 1067 438; x_wconf 83' lang='lat' dir='ltr'>›esse‹</span> <span class='ocrx_word' id='word_1_20' title='bbox 1101 399 1315 438; x_wconf 85' lang='lat' dir='ltr'>adhibitum</span> <span class='ocrx_word' id='word_1_21' title='bbox 1343 400 1411 438; x_wconf 90' lang='lat' dir='ltr'>init</span> <span class='ocrx_word' id='word_1_22' title='bbox 1440 400 1513 439; x_wconf 86' lang='lat' dir='ltr'>has</span> <span class='ocrx_word' id='word_1_23' title='bbox 1532 412 1625 439; x_wconf 87' lang='lat' dir='ltr'>con-</span> 
     </span>
     <span class='ocr_line' id='line_1_5' title="bbox 231 469 483 508; baseline -0.004 0"><span class='ocrx_word' id='word_1_24' title='bbox 231 469 462 508; x_wconf 81' lang='lat' dir='ltr'>structiones</span> <span class='ocrx_word' id='word_1_25' title='bbox 474 483 483 507; x_wconf 86' lang='lat'>:</span> 
     </span>
    </p>

    <p class='ocr_par' dir='ltr' id='par_1_4' title="bbox 358 533 1623 586">
     <span class='ocr_line' id='line_1_6' title="bbox 358 533 1623 586; baseline 0.001 -14"><span class='ocrx_word' id='word_1_26' title='bbox 358 535 401 584; x_wconf 84' lang='lat' dir='ltr'>a)</span> <span class='ocrx_word' id='word_1_27' title='bbox 444 533 608 586; x_wconf 77' lang='grc' dir='ltr'>ἐπιμελές</span> <span class='ocrx_word' id='word_1_28' title='bbox 634 547 693 586; x_wconf 80' lang='grc' dir='ltr'>μοι</span> <span class='ocrx_word' id='word_1_29' title='bbox 730 534 865 586; x_wconf 69' lang='grc' dir='ltr'>γίνεται</span> <span class='ocrx_word' id='word_1_30' title='bbox 902 534 1044 573; x_wconf 91' lang='lat' dir='ltr'>locutio</span> <span class='ocrx_word' id='word_1_31' title='bbox 1073 536 1221 573; x_wconf 84' lang='lat' dir='ltr'>fluxum</span> <span class='ocrx_word' id='word_1_32' title='bbox 1250 535 1368 573; x_wconf 78' lang='lat' dir='ltr'>animi</span> <span class='ocrx_word' id='word_1_33' title='bbox 1397 539 1544 573; x_wconf 90' lang='lat' dir='ltr'>motum</span> <span class='ocrx_word' id='word_1_34' title='bbox 1574 535 1623 573; x_wconf 93' lang='lat' dir='ltr'>si-</span> 
     </span>
    </p>
   </div>
   <div class='ocr_carea' id='block_1_3' title="bbox 228 598 1627 796">
    <p class='ocr_par' dir='ltr' id='par_1_5' title="bbox 228 598 1627 796">
     <span class='ocr_line' id='line_1_7' title="bbox 231 598 1622 659; baseline 0 -15"><span class='ocrx_word' id='word_1_35' title='bbox 231 606 425 655; x_wconf 80' lang='lat' dir='ltr'>gnifieans.</span> <span class='ocrx_word' id='word_1_36' title='bbox 446 605 511 644; x_wconf 92' lang='lat' dir='ltr'>VII</span> <span class='ocrx_word' id='word_1_37' title='bbox 532 605 595 654; x_wconf 89' lang='lat'>37,</span> <span class='ocrx_word' id='word_1_38' title='bbox 628 605 782 644; x_wconf 89' lang='lat'>10—11</span> <span class='ocrx_word' id='word_1_39' title='bbox 815 598 922 643; x_wconf 76' lang='grc' dir='ltr'>ἰδόντι</span> <span class='ocrx_word' id='word_1_40' title='bbox 951 598 991 643; x_wconf 73' lang='grc' dir='ltr'>δὲ</span> <span class='ocrx_word' id='word_1_41' title='bbox 1018 606 1079 643; x_wconf 75' lang='grc' dir='ltr'>καὶ</span> <span class='ocrx_word' id='word_1_42' title='bbox 1107 604 1264 659; x_wconf 62' lang='grc' dir='ltr'>μαθόντι</span> <span class='ocrx_word' id='word_1_43' title='bbox 1292 611 1402 643; x_wconf 81' lang='grc' dir='ltr'>τοῦτο</span> <span class='ocrx_word' id='word_1_44' title='bbox 1430 611 1485 654; x_wconf 82' lang='grc' dir='ltr'>τῷ</span> <span class='ocrx_word' id='word_1_45' title='bbox 1505 603 1622 659; x_wconf 75' lang='grc' dir='ltr'>Ξέρξῃ</span> 
     </span>
     <span class='ocr_line' id='line_1_8' title="bbox 228 675 1627 729; baseline 0 -15"><span class='ocrx_word' id='word_1_46' title='bbox 228 675 391 729; x_wconf 77' lang='grc' dir='ltr'>ἐπιμελὲς</span> <span class='ocrx_word' id='word_1_47' title='bbox 420 675 562 728; x_wconf 83' lang='grc' dir='ltr'>ἐγένετο</span> <span class='ocrx_word' id='word_1_48' title='bbox 590 676 651 712; x_wconf 75' lang='grc' dir='ltr'>καὶ</span> <span class='ocrx_word' id='word_1_49' title='bbox 678 678 790 728; x_wconf 83' lang='grc' dir='ltr'>εἴρετο</span> <span class='ocrx_word' id='word_1_50' title='bbox 817 678 895 713; x_wconf 81' lang='grc' dir='ltr'>κτὲ.</span> <span class='ocrx_word' id='word_1_51' title='bbox 932 687 1041 714; x_wconf 79' lang='lat' dir='ltr'>»cum</span> <span class='ocrx_word' id='word_1_52' title='bbox 1062 676 1100 714; x_wconf 89' lang='lat' dir='ltr'>id</span> <span class='ocrx_word' id='word_1_53' title='bbox 1119 677 1166 714; x_wconf 92' lang='lat' dir='ltr'>X.</span> <span class='ocrx_word' id='word_1_54' title='bbox 1188 677 1359 714; x_wconf 82' lang='lat' dir='ltr'>animum</span> <span class='ocrx_word' id='word_1_55' title='bbox 1389 677 1627 725; x_wconf 81' lang='lat' dir='ltr'>advertisset,</span> 
     </span>
     <span class='ocr_line' id='line_1_9' title="bbox 228 746 1624 796; baseline -0.001 -10"><span class='ocrx_word' id='word_1_56' title='bbox 228 746 425 786; x_wconf 83' lang='lat' dir='ltr'>sollicitari</span> <span class='ocrx_word' id='word_1_57' title='bbox 453 749 614 796; x_wconf 89' lang='lat' dir='ltr'>coeptus</span> <span class='ocrx_word' id='word_1_58' title='bbox 643 749 734 785; x_wconf 68' lang='lat' dir='ltr'>est«</span> <span class='ocrx_word' id='word_1_59' title='bbox 769 746 857 785; x_wconf 90' lang='lat' dir='ltr'>Non</span> <span class='ocrx_word' id='word_1_60' title='bbox 886 746 978 784; x_wconf 85' lang='lat' dir='ltr'>nihil</span> <span class='ocrx_word' id='word_1_61' title='bbox 1007 749 1158 785; x_wconf 85' lang='lat' dir='ltr'>mutato</span> <span class='ocrx_word' id='word_1_62' title='bbox 1187 758 1304 786; x_wconf 90' lang='lat' dir='ltr'>sensu</span> <span class='ocrx_word' id='word_1_63' title='bbox 1332 746 1367 784; x_wconf 94' lang='lat' dir='ltr'><strong>V</strong></span> <span class='ocrx_word' id='word_1_64' title='bbox 1399 746 1460 796; x_wconf 79' lang='lat'>12,</span> <span class='ocrx_word' id='word_1_65' title='bbox 1495 747 1543 785; x_wconf 89' lang='lat'>13</span> <span class='ocrx_word' id='word_1_66' title='bbox 1577 749 1624 790; x_wconf 84' lang='grc' dir='ltr'>ὡς</span> 
     </span>
    </p>
   </div>
   <div class='ocr_carea' id='block_1_4' title="bbox 359 916 1631 2571">
    <p class='ocr_par' dir='ltr' id='par_1_6' title="bbox 359 916 1631 2571">
     <span class='ocr_line' id='line_1_10' title="bbox 359 916 1626 959; baseline 0.002 -11"><span class='ocrx_word' id='word_1_67' title='bbox 359 916 506 949; x_wconf 84' lang='lat' dir='ltr'>bandam</span> <span class='ocrx_word' id='word_1_68' title='bbox 538 916 841 957; x_wconf 85' lang='lat' dir='ltr'>stabiliendamque</span> <span class='ocrx_word' id='word_1_69' title='bbox 872 919 1057 958; x_wconf 88' lang='lat' dir='ltr'>suppetunt</span> <span class='ocrx_word' id='word_1_70' title='bbox 1089 916 1187 949; x_wconf 91' lang='lat' dir='ltr'>nobis</span> <span class='ocrx_word' id='word_1_71' title='bbox 1210 917 1441 958; x_wconf 85' lang='lat' dir='ltr'>optimamque</span> <span class='ocrx_word' id='word_1_72' title='bbox 1465 918 1626 959; x_wconf 81' lang='lat' dir='ltr'>praebent</span> 
     </span>
     <span class='ocr_line' id='line_1_11' title="bbox 360 975 1630 1017; baseline 0.001 -9"><span class='ocrx_word' id='word_1_73' title='bbox 360 975 552 1017; x_wconf 84' lang='lat' dir='ltr'>analogiam</span> <span class='ocrx_word' id='word_1_74' title='bbox 583 976 668 1008; x_wconf 87' lang='lat' dir='ltr'>haec</span> <span class='ocrx_word' id='word_1_75' title='bbox 699 976 868 1017; x_wconf 85' lang='lat' dir='ltr'>exempla:</span> <span class='ocrx_word' id='word_1_76' title='bbox 905 979 940 1013; x_wconf 81' lang='lat' dir='ltr'>a)</span> <span class='ocrx_word' id='word_1_77' title='bbox 970 976 1175 1016; x_wconf 88' lang='lat' dir='ltr'>Frequentes</span> <span class='ocrx_word' id='word_1_78' title='bbox 1199 979 1277 1008; x_wconf 88' lang='lat' dir='ltr'>sunt</span> <span class='ocrx_word' id='word_1_79' title='bbox 1301 977 1466 1008; x_wconf 86' lang='lat' dir='ltr'>formulae</span> <span class='ocrx_word' id='word_1_80' title='bbox 1490 977 1630 1014; x_wconf 83' lang='lat' dir='ltr'>dicendi</span> 
     </span>
     <span class='ocr_line' id='line_1_12' title="bbox 360 1033 1626 1079; baseline -0.002 -12"><span class='ocrx_word' id='word_1_81' title='bbox 360 1034 401 1067; x_wconf 89' lang='lat' dir='ltr'>de</span> <span class='ocrx_word' id='word_1_82' title='bbox 425 1035 511 1067; x_wconf 86' lang='lat' dir='ltr'>extis</span> <span class='ocrx_word' id='word_1_83' title='bbox 534 1034 768 1076; x_wconf 88' lang='lat' dir='ltr'>inspiciendis:</span> <span class='ocrx_word' id='word_1_84' title='bbox 800 1033 836 1065; x_wconf 77' lang='grc' dir='ltr'>τά</span> <span class='ocrx_word' id='word_1_85' title='bbox 856 1033 917 1077; x_wconf 74' lang='grc' dir='ltr'>ἱερὰ</span> <span class='ocrx_word' id='word_1_86' title='bbox 940 1034 1068 1078; x_wconf 76' lang='grc' dir='ltr'>(σφάγια,</span> <span class='ocrx_word' id='word_1_87' title='bbox 1091 1035 1266 1078; x_wconf 73' lang='grc' dir='ltr'>διαβατήρια)</span> <span class='ocrx_word' id='word_1_88' title='bbox 1298 1035 1421 1078; x_wconf 74' lang='grc' dir='ltr'>γίγνεται</span> <span class='ocrx_word' id='word_1_89' title='bbox 1444 1039 1477 1068; x_wconf 85' lang='lat' dir='ltr'>et</span> <span class='ocrx_word' id='word_1_90' title='bbox 1499 1035 1626 1079; x_wconf 77' lang='grc' dir='ltr'>γίγνεται</span> 
     </span>
     <span class='ocr_line' id='line_1_13' title="bbox 359 1092 1622 1138; baseline 0.001 -13"><span class='ocrx_word' id='word_1_91' title='bbox 359 1093 444 1135; x_wconf 75' lang='grc' dir='ltr'>καλά,</span> <span class='ocrx_word' id='word_1_92' title='bbox 467 1092 590 1136; x_wconf 83' lang='grc' dir='ltr'>γρηιπὰ,</span> <span class='ocrx_word' id='word_1_93' title='bbox 612 1094 702 1134; x_wconf 73' lang='grc' dir='ltr'>είῐη,</span> <span class='ocrx_word' id='word_1_94' title='bbox 726 1098 763 1127; x_wconf 89' lang='lat' dir='ltr'>ut</span> <span class='ocrx_word' id='word_1_95' title='bbox 778 1094 899 1127; x_wconf 86' lang='lat' dir='ltr'>Herod.</span> <span class='ocrx_word' id='word_1_96' title='bbox 917 1095 959 1126; x_wconf 91' lang='lat' dir='ltr'>IX</span> <span class='ocrx_word' id='word_1_97' title='bbox 980 1095 1033 1135; x_wconf 75' lang='lat'>61,</span> <span class='ocrx_word' id='word_1_98' title='bbox 1058 1095 1098 1127; x_wconf 86' lang='lat' dir='ltr'>ll</span> <span class='ocrx_word' id='word_1_99' title='bbox 1116 1095 1149 1126; x_wconf 79' lang='grc' dir='ltr'>οὗ</span> <span class='ocrx_word' id='word_1_100' title='bbox 1172 1094 1227 1138; x_wconf 75' lang='grc' dir='ltr'>γάρ</span> <span class='ocrx_word' id='word_1_101' title='bbox 1251 1106 1300 1137; x_wconf 78' lang='grc' dir='ltr'>σφι</span> <span class='ocrx_word' id='word_1_102' title='bbox 1323 1094 1429 1138; x_wconf 79' lang='grc' dir='ltr'>ἐγίνετο</span> <span class='ocrx_word' id='word_1_103' title='bbox 1453 1094 1489 1126; x_wconf 74' lang='grc' dir='ltr'>τὰ</span> <span class='ocrx_word' id='word_1_104' title='bbox 1514 1094 1622 1138; x_wconf 70' lang='grc' dir='ltr'>σφάγια</span> 
     </span>
     <span class='ocr_line' id='line_1_14' title="bbox 359 1144 1629 1198; baseline -0.001 -12"><span class='ocrx_word' id='word_1_105' title='bbox 359 1153 492 1197; x_wconf 74' lang='grc' dir='ltr'>χρηστά,</span> <span class='ocrx_word' id='word_1_106' title='bbox 523 1154 601 1187; x_wconf 78' lang='lat' dir='ltr'>ibid.</span> <span class='ocrx_word' id='word_1_107' title='bbox 626 1164 657 1186; x_wconf 88' lang='lat' dir='ltr'>v.</span> <span class='ocrx_word' id='word_1_108' title='bbox 683 1154 723 1186; x_wconf 85' lang='lat'>15</span> <span class='ocrx_word' id='word_1_109' title='bbox 747 1155 804 1185; x_wconf 73' lang='grc' dir='ltr'>τῶν</span> <span class='ocrx_word' id='word_1_110' title='bbox 828 1153 958 1198; x_wconf 70' lang='grc' dir='ltr'>σφαγίων</span> <span class='ocrx_word' id='word_1_111' title='bbox 981 1154 1014 1186; x_wconf 62' lang='grc' dir='ltr'>οὐ</span> <span class='ocrx_word' id='word_1_112' title='bbox 1037 1154 1199 1198; x_wconf 61' lang='grc' dir='ltr'>γινομένων.</span> <span class='ocrx_word' id='word_1_113' title='bbox 1234 1156 1384 1197; x_wconf 77' lang='lat' dir='ltr'>Thucyd.</span> <span class='ocrx_word' id='word_1_114' title='bbox 1408 1156 1435 1188; x_wconf 90' lang='lat' dir='ltr'><strong>v</strong></span> <span class='ocrx_word' id='word_1_115' title='bbox 1457 1144 1510 1195; x_wconf 70' lang='lat'>54,</span> <span class='ocrx_word' id='word_1_116' title='bbox 1545 1156 1566 1188; x_wconf 82' lang='lat'>2</span> <span class='ocrx_word' id='word_1_117' title='bbox 1589 1154 1629 1192; x_wconf 66' lang='grc' dir='ltr'>ὡς</span> 
     </span>
     <span class='ocr_line' id='line_1_15' title="bbox 360 1213 1628 1258; baseline 0.001 -13"><span class='ocrx_word' id='word_1_118' title='bbox 360 1214 387 1245; x_wconf 82' lang='grc' dir='ltr'>δ’</span> <span class='ocrx_word' id='word_1_119' title='bbox 403 1214 497 1251; x_wconf 75' lang='grc' dir='ltr'>αὐτοῖς</span> <span class='ocrx_word' id='word_1_120' title='bbox 520 1213 556 1245; x_wconf 79' lang='grc' dir='ltr'>τὰ</span> <span class='ocrx_word' id='word_1_121' title='bbox 578 1214 743 1257; x_wconf 69' lang='grc' dir='ltr'>διαβατήρια</span> <span class='ocrx_word' id='word_1_122' title='bbox 765 1213 917 1258; x_wconf 65' lang='grc' dir='ltr'>θυομένοις</span> <span class='ocrx_word' id='word_1_123' title='bbox 940 1214 973 1246; x_wconf 83' lang='grc' dir='ltr'>οὐ</span> <span class='ocrx_word' id='word_1_124' title='bbox 996 1214 1169 1257; x_wconf 80' lang='grc' dir='ltr'>προυχώρει,</span> <span class='ocrx_word' id='word_1_125' title='bbox 1193 1216 1219 1248; x_wconf 94' lang='lat' dir='ltr'>V</span> <span class='ocrx_word' id='word_1_126' title='bbox 1236 1216 1286 1255; x_wconf 77' lang='lat'>55,</span> <span class='ocrx_word' id='word_1_127' title='bbox 1311 1216 1332 1247; x_wconf 79' lang='lat'><strong>3</strong></span> <span class='ocrx_word' id='word_1_128' title='bbox 1355 1213 1394 1251; x_wconf 73' lang='grc' dir='ltr'>ὡς</span> <span class='ocrx_word' id='word_1_129' title='bbox 1418 1215 1479 1246; x_wconf 76' lang='grc' dir='ltr'>οὐδ’</span> <span class='ocrx_word' id='word_1_130' title='bbox 1502 1213 1628 1246; x_wconf 65' lang='grc' dir='ltr'>ἐνταῦθα</span> 
     </span>
     <span class='ocr_line' id='line_1_16' title="bbox 360 1272 1627 1317; baseline 0.002 -13"><span class='ocrx_word' id='word_1_131' title='bbox 360 1273 396 1305; x_wconf 75' lang='grc' dir='ltr'>τὰ</span> <span class='ocrx_word' id='word_1_132' title='bbox 419 1274 583 1316; x_wconf 73' lang='grc' dir='ltr'>διαβατήρια</span> <span class='ocrx_word' id='word_1_133' title='bbox 606 1274 701 1310; x_wconf 77' lang='grc' dir='ltr'>αὐτοῖς</span> <span class='ocrx_word' id='word_1_134' title='bbox 725 1272 844 1317; x_wconf 80' lang='grc' dir='ltr'>ἐγένετο.</span> <span class='ocrx_word' id='word_1_135' title='bbox 870 1274 1076 1316; x_wconf 85' lang='lat' dir='ltr'>Saepissime</span> <span class='ocrx_word' id='word_1_136' title='bbox 1099 1274 1190 1316; x_wconf 85' lang='lat' dir='ltr'>apud</span> <span class='ocrx_word' id='word_1_137' title='bbox 1212 1275 1478 1316; x_wconf 81' lang='lat' dir='ltr'>Xenophontem,</span> <span class='ocrx_word' id='word_1_138' title='bbox 1505 1278 1542 1308; x_wconf 89' lang='lat' dir='ltr'>ut</span> <span class='ocrx_word' id='word_1_139' title='bbox 1563 1276 1627 1308; x_wconf 88' lang='lat' dir='ltr'>An·</span> 
     </span>
     <span class='ocr_line' id='line_1_17' title="bbox 361 1332 1627 1377; baseline 0 -11"><span class='ocrx_word' id='word_1_140' title='bbox 361 1335 388 1366; x_wconf 93' lang='grc' dir='ltr'>ΙΙ</span> <span class='ocrx_word' id='word_1_141' title='bbox 412 1335 442 1375; x_wconf 81' lang='lat'>2,</span> <span class='ocrx_word' id='word_1_142' title='bbox 465 1335 487 1365; x_wconf 78' lang='lat'><strong>3</strong></span> <span class='ocrx_word' id='word_1_143' title='bbox 510 1332 769 1377; x_wconf 55' lang='grc' dir='ltr'>ἐμοὶωθυομένῳ</span> <span class='ocrx_word' id='word_1_144' title='bbox 793 1332 858 1365; x_wconf 79' lang='grc' dir='ltr'>ἰέναι</span> <span class='ocrx_word' id='word_1_145' title='bbox 881 1332 926 1365; x_wconf 75' lang='grc' dir='ltr'>ἐπὶ</span> <span class='ocrx_word' id='word_1_146' title='bbox 948 1333 1066 1375; x_wconf 79' lang='grc' dir='ltr'>βασιλέα</span> <span class='ocrx_word' id='word_1_147' title='bbox 1089 1333 1141 1365; x_wconf 77' lang='grc' dir='ltr'>οὐκ</span> <span class='ocrx_word' id='word_1_148' title='bbox 1164 1333 1290 1377; x_wconf 80' lang='grc' dir='ltr'>ἐγίγνετο</span> <span class='ocrx_word' id='word_1_149' title='bbox 1313 1333 1348 1365; x_wconf 74' lang='grc' dir='ltr'>τὰ</span> <span class='ocrx_word' id='word_1_150' title='bbox 1370 1333 1439 1377; x_wconf 76' lang='grc' dir='ltr'>ἱερὰ.</span> <span class='ocrx_word' id='word_1_151' title='bbox 1475 1335 1523 1368; x_wconf 86' lang='lat' dir='ltr'>Cf.</span> <span class='ocrx_word' id='word_1_152' title='bbox 1548 1335 1627 1368; x_wconf 87' lang='lat' dir='ltr'>adn.</span> 
     </span>
     <span class='ocr_line' id='line_1_18' title="bbox 362 1393 1628 1436; baseline 0.002 -11"><span class='ocrx_word' id='word_1_153' title='bbox 362 1393 480 1426; x_wconf 88' lang='lat' dir='ltr'>Steinii</span> <span class='ocrx_word' id='word_1_154' title='bbox 503 1394 547 1426; x_wconf 89' lang='lat' dir='ltr'>ad</span> <span class='ocrx_word' id='word_1_155' title='bbox 570 1394 691 1426; x_wconf 89' lang='lat' dir='ltr'>Herod.</span> <span class='ocrx_word' id='word_1_156' title='bbox 716 1394 742 1427; x_wconf 93' lang='lat' dir='ltr'>V</span> <span class='ocrx_word' id='word_1_157' title='bbox 765 1394 818 1432; x_wconf 91' lang='lat'>44,</span> <span class='ocrx_word' id='word_1_158' title='bbox 843 1394 893 1426; x_wconf 88' lang='lat'>13.</span> <span class='ocrx_word' id='word_1_159' title='bbox 926 1394 1080 1427; x_wconf 88' lang='lat' dir='ltr'>Classeni</span> <span class='ocrx_word' id='word_1_160' title='bbox 1103 1394 1148 1426; x_wconf 89' lang='lat' dir='ltr'>ad</span> <span class='ocrx_word' id='word_1_161' title='bbox 1171 1394 1319 1436; x_wconf 83' lang='lat' dir='ltr'>Thucyd.</span> <span class='ocrx_word' id='word_1_162' title='bbox 1345 1395 1370 1427; x_wconf 95' lang='lat' dir='ltr'>V</span> <span class='ocrx_word' id='word_1_163' title='bbox 1394 1395 1445 1429; x_wconf 77' lang='lat'>54.</span> <span class='ocrx_word' id='word_1_164' title='bbox 1470 1395 1499 1426; x_wconf 84' lang='lat'>2.</span> <span class='ocrx_word' id='word_1_165' title='bbox 1524 1395 1628 1427; x_wconf 91' lang='lat' dir='ltr'>Krue-</span> 
     </span>
     <span class='ocr_line' id='line_1_19' title="bbox 360 1453 1624 1495; baseline 0 -9"><span class='ocrx_word' id='word_1_166' title='bbox 360 1453 428 1495; x_wconf 83' lang='lat' dir='ltr'>geri</span> <span class='ocrx_word' id='word_1_167' title='bbox 452 1457 485 1486; x_wconf 91' lang='lat' dir='ltr'>et</span> <span class='ocrx_word' id='word_1_168' title='bbox 508 1453 682 1486; x_wconf 88' lang='lat' dir='ltr'>Sintenisii</span> <span class='ocrx_word' id='word_1_169' title='bbox 706 1453 749 1485; x_wconf 86' lang='lat' dir='ltr'>ad</span> <span class='ocrx_word' id='word_1_170' title='bbox 773 1453 902 1485; x_wconf 84' lang='lat' dir='ltr'>Arrian.</span> <span class='ocrx_word' id='word_1_171' title='bbox 927 1454 1034 1486; x_wconf 87' lang='lat' dir='ltr'>Anab.</span> <span class='ocrx_word' id='word_1_172' title='bbox 1050 1453 1080 1490; x_wconf 83' lang='lat'>4,</span> <span class='ocrx_word' id='word_1_173' title='bbox 1105 1453 1136 1494; x_wconf 89' lang='lat'>4,</span> <span class='ocrx_word' id='word_1_174' title='bbox 1160 1454 1191 1485; x_wconf 93' lang='grc'>3.</span> <span class='ocrx_word' id='word_1_175' title='bbox 1215 1454 1556 1486; x_wconf 87' lang='lat' dir='ltr'>Buechsenschuetzii</span> <span class='ocrx_word' id='word_1_176' title='bbox 1579 1454 1624 1486; x_wconf 88' lang='lat' dir='ltr'>ad</span> 
     </span>
     <span class='ocr_line' id='line_1_20' title="bbox 362 1512 1625 1556; baseline 0.001 -11"><span class='ocrx_word' id='word_1_177' title='bbox 362 1514 445 1546; x_wconf 88' lang='lat' dir='ltr'>Xen.</span> <span class='ocrx_word' id='word_1_178' title='bbox 470 1513 552 1545; x_wconf 85' lang='lat' dir='ltr'>Hell.</span> <span class='ocrx_word' id='word_1_179' title='bbox 577 1514 605 1549; x_wconf 88' lang='lat'>3,</span> <span class='ocrx_word' id='word_1_180' title='bbox 633 1513 661 1551; x_wconf 82' lang='lat'>1,</span> <span class='ocrx_word' id='word_1_181' title='bbox 687 1513 738 1546; x_wconf 91' lang='grc'>17.</span> <span class='ocrx_word' id='word_1_182' title='bbox 763 1513 824 1545; x_wconf 89' lang='lat' dir='ltr'>Ubi</span> <span class='ocrx_word' id='word_1_183' title='bbox 847 1513 976 1545; x_wconf 90' lang='lat' dir='ltr'>nudum</span> <span class='ocrx_word' id='word_1_184' title='bbox 1001 1513 1138 1555; x_wconf 91' lang='lat' dir='ltr'>ponitur</span> <span class='ocrx_word' id='word_1_185' title='bbox 1159 1512 1292 1556; x_wconf 83' lang='grc' dir='ltr'>γίγνεται,</span> <span class='ocrx_word' id='word_1_186' title='bbox 1317 1523 1386 1546; x_wconf 91' lang='lat' dir='ltr'>non</span> <span class='ocrx_word' id='word_1_187' title='bbox 1409 1514 1532 1547; x_wconf 90' lang='lat' dir='ltr'>debent</span> <span class='ocrx_word' id='word_1_188' title='bbox 1547 1524 1625 1556; x_wconf 88' lang='lat' dir='ltr'>sup-</span> 
     </span>
     <span class='ocr_line' id='line_1_21' title="bbox 361 1560 1624 1615; baseline 0 -9"><span class='ocrx_word' id='word_1_189' title='bbox 361 1573 445 1614; x_wconf 91' lang='lat' dir='ltr'>pleri</span> <span class='ocrx_word' id='word_1_190' title='bbox 468 1573 589 1606; x_wconf 83' lang='lat' dir='ltr'>adiect.</span> <span class='ocrx_word' id='word_1_191' title='bbox 612 1571 697 1613; x_wconf 81' lang='grc' dir='ltr'>καλὰ,</span> <span class='ocrx_word' id='word_1_192' title='bbox 720 1571 837 1615; x_wconf 77' lang='grc' dir='ltr'>χρηστά</span> <span class='ocrx_word' id='word_1_193' title='bbox 860 1573 934 1604; x_wconf 90' lang='lat' dir='ltr'>sim.</span> <span class='ocrx_word' id='word_1_194' title='bbox 959 1573 1049 1615; x_wconf 89' lang='lat' dir='ltr'>[Non</span> <span class='ocrx_word' id='word_1_195' title='bbox 1072 1575 1205 1605; x_wconf 82' lang='lat' dir='ltr'>constat</span> <span class='ocrx_word' id='word_1_196' title='bbox 1227 1573 1292 1605; x_wconf 88' lang='lat' dir='ltr'>sibi</span> <span class='ocrx_word' id='word_1_197' title='bbox 1316 1573 1350 1605; x_wconf 92' lang='lat' dir='ltr'>in</span> <span class='ocrx_word' id='word_1_198' title='bbox 1374 1574 1439 1605; x_wconf 89' lang='lat' dir='ltr'>hac</span> <span class='ocrx_word' id='word_1_199' title='bbox 1461 1584 1496 1605; x_wconf 85' lang='lat' dir='ltr'>re</span> <span class='ocrx_word' id='word_1_200' title='bbox 1520 1560 1624 1615; x_wconf 69' lang='lat' dir='ltr'>eitpli-</span> 
     </span>
     <span class='ocr_line' id='line_1_22' title="bbox 364 1631 1627 1675; baseline 0.001 -10"><span class='ocrx_word' id='word_1_201' title='bbox 364 1633 474 1666; x_wconf 83' lang='lat' dir='ltr'>canda</span> <span class='ocrx_word' id='word_1_202' title='bbox 496 1633 536 1665; x_wconf 92' lang='lat' dir='ltr'>H.</span> <span class='ocrx_word' id='word_1_203' title='bbox 561 1632 762 1674; x_wconf 85' lang='lat' dir='ltr'>Stephanus,</span> <span class='ocrx_word' id='word_1_204' title='bbox 787 1632 845 1674; x_wconf 90' lang='lat' dir='ltr'>qui</span> <span class='ocrx_word' id='word_1_205' title='bbox 867 1632 1030 1665; x_wconf 86' lang='lat' dir='ltr'>Thesaur.</span> <span class='ocrx_word' id='word_1_206' title='bbox 1047 1642 1073 1664; x_wconf 90' lang='lat' dir='ltr'>s.</span> <span class='ocrx_word' id='word_1_207' title='bbox 1091 1642 1122 1664; x_wconf 92' lang='lat' dir='ltr'>v.</span> <span class='ocrx_word' id='word_1_208' title='bbox 1139 1631 1295 1675; x_wconf 74' lang='grc' dir='ltr'>καλλιερέω</span> <span class='ocrx_word' id='word_1_209' title='bbox 1320 1632 1394 1675; x_wconf 90' lang='lat' dir='ltr'>(col.</span> <span class='ocrx_word' id='word_1_210' title='bbox 1419 1633 1495 1675; x_wconf 88' lang='grc'>880)</span> <span class='ocrx_word' id='word_1_211' title='bbox 1519 1636 1627 1675; x_wconf 80' lang='lat' dir='ltr'>putat,</span> 
     </span>
     <span class='ocr_line' id='line_1_23' title="bbox 362 1691 1630 1736; baseline -0.001 -10"><span class='ocrx_word' id='word_1_212' title='bbox 362 1693 503 1726; x_wconf 86' lang='lat' dir='ltr'>verbum</span> <span class='ocrx_word' id='word_1_213' title='bbox 534 1692 640 1736; x_wconf 80' lang='grc' dir='ltr'>ἐγίνετο</span> <span class='ocrx_word' id='word_1_214' title='bbox 671 1691 718 1734; x_wconf 84' lang='grc' dir='ltr'>(τὰ</span> <span class='ocrx_word' id='word_1_215' title='bbox 748 1691 819 1735; x_wconf 77' lang='grc' dir='ltr'>ἱερά)</span> <span class='ocrx_word' id='word_1_216' title='bbox 851 1695 910 1725; x_wconf 90' lang='lat' dir='ltr'>aut</span> <span class='ocrx_word' id='word_1_217' title='bbox 940 1692 984 1725; x_wconf 81' lang='lat' dir='ltr'>ad</span> <span class='ocrx_word' id='word_1_218' title='bbox 1013 1691 1089 1722; x_wconf 77' lang='grc' dir='ltr'>καλά</span> <span class='ocrx_word' id='word_1_219' title='bbox 1120 1692 1392 1725; x_wconf 89' lang='lat' dir='ltr'>subintellectum</span> <span class='ocrx_word' id='word_1_220' title='bbox 1414 1693 1630 1725; x_wconf 85' lang='lat' dir='ltr'>referendum</span> 
     </span>
     <span class='ocr_line' id='line_1_24' title="bbox 363 1751 1629 1793; baseline -0.001 -9"><span class='ocrx_word' id='word_1_221' title='bbox 363 1755 423 1785; x_wconf 87' lang='lat' dir='ltr'>aut</span> <span class='ocrx_word' id='word_1_222' title='bbox 446 1762 549 1784; x_wconf 89' lang='lat' dir='ltr'>sensu</span> <span class='ocrx_word' id='word_1_223' title='bbox 575 1751 778 1784; x_wconf 85' lang='lat' dir='ltr'>‘succedere’</span> <span class='ocrx_word' id='word_1_224' title='bbox 802 1751 1035 1792; x_wconf 85' lang='lat' dir='ltr'>accipiendum</span> <span class='ocrx_word' id='word_1_225' title='bbox 1060 1751 1159 1792; x_wconf 88' lang='lat' dir='ltr'>esse].</span> <span class='ocrx_word' id='word_1_226' title='bbox 1183 1752 1211 1793; x_wconf 87' lang='lat' dir='ltr'>b)</span> <span class='ocrx_word' id='word_1_227' title='bbox 1236 1752 1284 1784; x_wconf 86' lang='lat' dir='ltr'>lta</span> <span class='ocrx_word' id='word_1_228' title='bbox 1307 1761 1442 1792; x_wconf 87' lang='lat' dir='ltr'>quoque</span> <span class='ocrx_word' id='word_1_229' title='bbox 1457 1762 1629 1793; x_wconf 80' lang='lat' dir='ltr'>compara-</span> 
     </span>
     <span class='ocr_line' id='line_1_25' title="bbox 362 1810 1630 1853; baseline -0.001 -10"><span class='ocrx_word' id='word_1_230' title='bbox 362 1814 434 1844; x_wconf 91' lang='lat' dir='ltr'>tum</span> <span class='ocrx_word' id='word_1_231' title='bbox 458 1814 508 1843; x_wconf 90' lang='lat' dir='ltr'>est</span> <span class='ocrx_word' id='word_1_232' title='bbox 531 1811 622 1852; x_wconf 84' lang='lat' dir='ltr'>apud</span> <span class='ocrx_word' id='word_1_233' title='bbox 645 1810 852 1843; x_wconf 90' lang='lat' dir='ltr'>Herodotum</span> <span class='ocrx_word' id='word_1_234' title='bbox 877 1821 908 1842; x_wconf 89' lang='lat' dir='ltr'>v.</span> <span class='ocrx_word' id='word_1_235' title='bbox 931 1810 1051 1853; x_wconf 79' lang='grc' dir='ltr'>χωρέει,</span> <span class='ocrx_word' id='word_1_236' title='bbox 1084 1811 1174 1851; x_wconf 90' lang='lat' dir='ltr'>quod</span> <span class='ocrx_word' id='word_1_237' title='bbox 1197 1810 1287 1842; x_wconf 90' lang='lat' dir='ltr'>idem</span> <span class='ocrx_word' id='word_1_238' title='bbox 1312 1811 1404 1843; x_wconf 85' lang='lat' dir='ltr'>valet</span> <span class='ocrx_word' id='word_1_239' title='bbox 1426 1814 1527 1852; x_wconf 85' lang='lat' dir='ltr'>atque</span> <span class='ocrx_word' id='word_1_240' title='bbox 1550 1811 1630 1842; x_wconf 80' lang='grc' dir='ltr'>εὐτυ-</span> 
     </span>
     <span class='ocr_line' id='line_1_26' title="bbox 361 1869 1630 1914; baseline 0.002 -13"><span class='ocrx_word' id='word_1_241' title='bbox 361 1870 439 1914; x_wconf 71' lang='grc' dir='ltr'>χέως</span> <span class='ocrx_word' id='word_1_242' title='bbox 461 1882 493 1913; x_wconf 76' lang='grc' dir='ltr'>χ.</span> <span class='ocrx_word' id='word_1_243' title='bbox 518 1870 716 1913; x_wconf 76' lang='grc' dir='ltr'>(προχωρέει),</span> <span class='ocrx_word' id='word_1_244' title='bbox 747 1873 785 1903; x_wconf 86' lang='lat' dir='ltr'>ut</span> <span class='ocrx_word' id='word_1_245' title='bbox 807 1871 849 1902; x_wconf 87' lang='grc' dir='ltr'>ΙΙΙ</span> <span class='ocrx_word' id='word_1_246' title='bbox 871 1870 932 1911; x_wconf 73' lang='grc'>42,</span> <span class='ocrx_word' id='word_1_247' title='bbox 962 1871 983 1902; x_wconf 84' lang='lat'>5</span> <span class='ocrx_word' id='word_1_248' title='bbox 1005 1870 1194 1912; x_wconf 76' lang='grc' dir='ltr'>χωρήσαντος</span> <span class='ocrx_word' id='word_1_249' title='bbox 1216 1869 1248 1900; x_wconf 82' lang='grc' dir='ltr'>δέ</span> <span class='ocrx_word' id='word_1_250' title='bbox 1270 1869 1296 1901; x_wconf 89' lang='grc' dir='ltr'>οἱ</span> <span class='ocrx_word' id='word_1_251' title='bbox 1319 1870 1423 1901; x_wconf 77' lang='grc' dir='ltr'>τούτου</span> <span class='ocrx_word' id='word_1_252' title='bbox 1454 1874 1486 1903; x_wconf 85' lang='lat' dir='ltr'>et</span> <span class='ocrx_word' id='word_1_253' title='bbox 1514 1872 1555 1903; x_wconf 87' lang='lat'>111</span> <span class='ocrx_word' id='word_1_254' title='bbox 1577 1872 1630 1911; x_wconf 82' lang='lat'>39,</span> 
     </span>
     <span class='ocr_line' id='line_1_27' title="bbox 363 1922 1630 1974; baseline -0.002 -10"><span class='ocrx_word' id='word_1_255' title='bbox 363 1929 519 1964; x_wconf 80' lang='grc' dir='ltr'>12’πὰντα</span> <span class='ocrx_word' id='word_1_256' title='bbox 542 1930 568 1962; x_wconf 82' lang='grc' dir='ltr'>οἱ</span> <span class='ocrx_word' id='word_1_257' title='bbox 591 1929 698 1974; x_wconf 78' lang='grc' dir='ltr'>ἐχώρεε</span> <span class='ocrx_word' id='word_1_258' title='bbox 721 1929 872 1973; x_wconf 68' lang='grc' dir='ltr'>εὐτυχέως,</span> <span class='ocrx_word' id='word_1_259' title='bbox 896 1930 937 1962; x_wconf 88' lang='lat' dir='ltr'>cf.</span> <span class='ocrx_word' id='word_1_260' title='bbox 962 1930 988 1963; x_wconf 92' lang='lat' dir='ltr'>V</span> <span class='ocrx_word' id='word_1_261' title='bbox 1012 1930 1063 1971; x_wconf 88' lang='grc'>89,</span> <span class='ocrx_word' id='word_1_262' title='bbox 1090 1930 1130 1962; x_wconf 78' lang='lat'>13</span> <span class='ocrx_word' id='word_1_263' title='bbox 1154 1930 1217 1972; x_wconf 89' lang='lat'>(49,</span> <span class='ocrx_word' id='word_1_264' title='bbox 1243 1930 1294 1971; x_wconf 84' lang='lat'>13,</span> <span class='ocrx_word' id='word_1_265' title='bbox 1318 1930 1373 1963; x_wconf 91' lang='lat' dir='ltr'>Vll</span> <span class='ocrx_word' id='word_1_266' title='bbox 1398 1922 1476 1969; x_wconf 76' lang='lat' dir='ltr'>10l3,</span> <span class='ocrx_word' id='word_1_267' title='bbox 1500 1931 1531 1963; x_wconf 89' lang='grc'>8.</span> <span class='ocrx_word' id='word_1_268' title='bbox 1555 1930 1630 1963; x_wconf 87' lang='lat' dir='ltr'>Lin-</span> 
     </span>
     <span class='ocr_line' id='line_1_28' title="bbox 363 1990 1628 2033; baseline -0.002 -9"><span class='ocrx_word' id='word_1_269' title='bbox 363 2001 429 2032; x_wconf 83' lang='lat' dir='ltr'>gua</span> <span class='ocrx_word' id='word_1_270' title='bbox 444 1991 602 2033; x_wconf 86' lang='lat' dir='ltr'>polonica</span> <span class='ocrx_word' id='word_1_271' title='bbox 618 1991 746 2023; x_wconf 86' lang='lat' dir='ltr'>similes</span> <span class='ocrx_word' id='word_1_272' title='bbox 762 1990 900 2023; x_wconf 84' lang='lat' dir='ltr'>exhibet</span> <span class='ocrx_word' id='word_1_273' title='bbox 923 1991 1080 2032; x_wconf 82' lang='lat' dir='ltr'>phrases:</span> <span class='ocrx_word' id='word_1_274' title='bbox 1105 1990 1222 2032; x_wconf 79' lang='lat' dir='ltr'>poszlo</span> <span class='ocrx_word' id='word_1_275' title='bbox 1237 1991 1293 2029; x_wconf 92' lang='lat' dir='ltr'>mi,</span> <span class='ocrx_word' id='word_1_276' title='bbox 1319 1990 1407 2022; x_wconf 91' lang='lat' dir='ltr'>idzie</span> <span class='ocrx_word' id='word_1_277' title='bbox 1424 1990 1470 2022; x_wconf 89' lang='lat' dir='ltr'>mi</span> <span class='ocrx_word' id='word_1_278' title='bbox 1494 1992 1628 2029; x_wconf 83' lang='lat' dir='ltr'>(sensu:</span> 
     </span>
     <span class='ocr_line' id='line_1_29' title="bbox 364 2049 1628 2092; baseline -0.002 -9"><span class='ocrx_word' id='word_1_279' title='bbox 364 2051 543 2091; x_wconf 88' lang='lat' dir='ltr'>successit,</span> <span class='ocrx_word' id='word_1_280' title='bbox 576 2050 726 2083; x_wconf 87' lang='lat' dir='ltr'>succedit</span> <span class='ocrx_word' id='word_1_281' title='bbox 747 2050 843 2092; x_wconf 88' lang='lat' dir='ltr'>mihi)</span> <span class='ocrx_word' id='word_1_282' title='bbox 867 2050 1030 2082; x_wconf 79' lang='lat' dir='ltr'>adverbio</span> <span class='ocrx_word' id='word_1_283' title='bbox 1052 2049 1199 2082; x_wconf 84' lang='lat' dir='ltr'>‘dobrze&#39;</span> <span class='ocrx_word' id='word_1_284' title='bbox 1224 2050 1336 2091; x_wconf 88' lang='lat' dir='ltr'>(bene)</span> <span class='ocrx_word' id='word_1_285' title='bbox 1359 2059 1429 2082; x_wconf 89' lang='lat' dir='ltr'>non</span> <span class='ocrx_word' id='word_1_286' title='bbox 1457 2058 1628 2090; x_wconf 86' lang='lat' dir='ltr'>expresso.</span> 
     </span>
     <span class='ocr_line' id='line_1_30' title="bbox 363 2108 1630 2153; baseline -0.002 -11"><span class='ocrx_word' id='word_1_287' title='bbox 363 2115 392 2149; x_wconf 78' lang='lat' dir='ltr'>c)</span> <span class='ocrx_word' id='word_1_288' title='bbox 423 2110 562 2151; x_wconf 72' lang='grc' dir='ltr'>συνήνεικέ</span> <span class='ocrx_word' id='word_1_289' title='bbox 591 2121 640 2153; x_wconf 83' lang='grc' dir='ltr'>μοι</span> <span class='ocrx_word' id='word_1_290' title='bbox 670 2109 843 2152; x_wconf 85' lang='lat' dir='ltr'>(conduxit</span> <span class='ocrx_word' id='word_1_291' title='bbox 866 2110 922 2152; x_wconf 84' lang='lat' dir='ltr'>m.)</span> <span class='ocrx_word' id='word_1_292' title='bbox 958 2109 1080 2142; x_wconf 83' lang='lat' dir='ltr'>Herod.</span> <span class='ocrx_word' id='word_1_293' title='bbox 1105 2110 1175 2143; x_wconf 85' lang='lat' dir='ltr'>Vlll</span> <span class='ocrx_word' id='word_1_294' title='bbox 1198 2109 1250 2149; x_wconf 80' lang='lat'>87,</span> <span class='ocrx_word' id='word_1_295' title='bbox 1284 2109 1326 2142; x_wconf 87' lang='lat'>10</span> <span class='ocrx_word' id='word_1_296' title='bbox 1354 2108 1387 2139; x_wconf 74' lang='grc' dir='ltr'>τὶ)</span> <span class='ocrx_word' id='word_1_297' title='bbox 1417 2108 1465 2139; x_wconf 77' lang='grc' dir='ltr'>καὶ</span> <span class='ocrx_word' id='word_1_298' title='bbox 1493 2109 1630 2148; x_wconf 75' lang='grc' dir='ltr'>συνήνεικε</span> 
     </span>
     <span class='ocr_line' id='line_1_31' title="bbox 363 2167 1628 2213; baseline -0.001 -12"><span class='ocrx_word' id='word_1_299' title='bbox 363 2168 517 2213; x_wconf 81' lang='grc' dir='ltr'>ποιησάσῃ.</span> <span class='ocrx_word' id='word_1_300' title='bbox 555 2170 739 2202; x_wconf 85' lang='lat' dir='ltr'>Maximam</span> <span class='ocrx_word' id='word_1_301' title='bbox 762 2169 834 2201; x_wconf 88' lang='lat' dir='ltr'>vim</span> <span class='ocrx_word' id='word_1_302' title='bbox 857 2169 902 2201; x_wconf 84' lang='lat' dir='ltr'>ad</span> <span class='ocrx_word' id='word_1_303' title='bbox 926 2168 1068 2201; x_wconf 89' lang='lat' dir='ltr'>verbum</span> <span class='ocrx_word' id='word_1_304' title='bbox 1090 2167 1222 2211; x_wconf 69' lang='grc' dir='ltr'>γίνεσθαι</span> <span class='ocrx_word' id='word_1_305' title='bbox 1244 2169 1320 2200; x_wconf 89' lang='lat' dir='ltr'>loco</span> <span class='ocrx_word' id='word_1_306' title='bbox 1343 2168 1444 2200; x_wconf 84' lang='lat' dir='ltr'>citato</span> <span class='ocrx_word' id='word_1_307' title='bbox 1468 2168 1628 2201; x_wconf 87' lang='lat' dir='ltr'>Herodoti</span> 
     </span>
     <span class='ocr_line' id='line_1_32' title="bbox 363 2228 1629 2271; baseline -0.002 -8"><span class='ocrx_word' id='word_1_308' title='bbox 363 2240 467 2263; x_wconf 90' lang='lat' dir='ltr'>sensu</span> <span class='ocrx_word' id='word_1_309' title='bbox 490 2229 914 2271; x_wconf 82' lang='lat' dir='ltr'>praegnanti-usurputum</span> <span class='ocrx_word' id='word_1_310' title='bbox 940 2228 1102 2261; x_wconf 86' lang='lat' dir='ltr'>habuisse</span> <span class='ocrx_word' id='word_1_311' title='bbox 1125 2228 1282 2261; x_wconf 86' lang='lat' dir='ltr'>videntur</span> <span class='ocrx_word' id='word_1_312' title='bbox 1305 2228 1492 2260; x_wconf 86' lang='lat' dir='ltr'>locutiones</span> <span class='ocrx_word' id='word_1_313' title='bbox 1516 2228 1579 2260; x_wconf 90' lang='lat' dir='ltr'>sub</span> <span class='ocrx_word' id='word_1_314' title='bbox 1595 2234 1629 2267; x_wconf 74' lang='lat' dir='ltr'>a)</span> 
     </span>
     <span class='ocr_line' id='line_1_33' title="bbox 365 2288 1629 2330; baseline -0.001 -8"><span class='ocrx_word' id='word_1_315' title='bbox 365 2292 590 2322; x_wconf 82' lang='lat' dir='ltr'>enumeratae.</span> <span class='ocrx_word' id='word_1_316' title='bbox 633 2289 708 2330; x_wconf 89' lang='lat' dir='ltr'>Qua</span> <span class='ocrx_word' id='word_1_317' title='bbox 731 2289 772 2321; x_wconf 92' lang='lat' dir='ltr'>de</span> <span class='ocrx_word' id='word_1_318' title='bbox 797 2298 903 2321; x_wconf 85' lang='lat' dir='ltr'>causa</span> <span class='ocrx_word' id='word_1_319' title='bbox 925 2298 995 2321; x_wconf 91' lang='lat' dir='ltr'>non</span> <span class='ocrx_word' id='word_1_320' title='bbox 1018 2297 1157 2321; x_wconf 89' lang='lat' dir='ltr'>necesse</span> <span class='ocrx_word' id='word_1_321' title='bbox 1180 2291 1261 2329; x_wconf 85' lang='lat' dir='ltr'>puto</span> <span class='ocrx_word' id='word_1_322' title='bbox 1285 2290 1462 2329; x_wconf 80' lang='lat' dir='ltr'>statuatur,</span> <span class='ocrx_word' id='word_1_323' title='bbox 1486 2298 1518 2319; x_wconf 82' lang='lat' dir='ltr'>v‹</span> <span class='ocrx_word' id='word_1_324' title='bbox 1530 2288 1629 2321; x_wconf 85' lang='lat' dir='ltr'>rhum</span> 
     </span>
     <span class='ocr_line' id='line_1_34' title="bbox 363 2346 1628 2393; baseline -0.002 -12"><span class='ocrx_word' id='word_1_325' title='bbox 363 2348 494 2393; x_wconf 61' lang='grc' dir='ltr'>γίνεσθαι</span> <span class='ocrx_word' id='word_1_326' title='bbox 523 2349 761 2391; x_wconf 86' lang='lat' dir='ltr'>explicandum</span> <span class='ocrx_word' id='word_1_327' title='bbox 792 2358 868 2381; x_wconf 87' lang='lat' dir='ltr'>esse</span> <span class='ocrx_word' id='word_1_328' title='bbox 898 2358 958 2390; x_wconf 89' lang='lat' dir='ltr'>per</span> <span class='ocrx_word' id='word_1_329' title='bbox 995 2348 1128 2390; x_wconf 90' lang='lat' dir='ltr'>ellipsin</span> <span class='ocrx_word' id='word_1_330' title='bbox 1162 2348 1257 2381; x_wconf 89' lang='lat' dir='ltr'>vocis</span> <span class='ocrx_word' id='word_1_331' title='bbox 1290 2346 1406 2390; x_wconf 76' lang='grc' dir='ltr'>χρηστά</span> <span class='ocrx_word' id='word_1_332' title='bbox 1441 2348 1494 2381; x_wconf 91' lang='lat' dir='ltr'>vel</span> <span class='ocrx_word' id='word_1_333' title='bbox 1528 2347 1628 2379; x_wconf 80' lang='grc' dir='ltr'>οἰκότα</span> 
     </span>
     <span class='ocr_line' id='line_1_35' title="bbox 365 2406 1630 2452; baseline -0.003 -10"><span class='ocrx_word' id='word_1_334' title='bbox 365 2409 576 2452; x_wconf 77' lang='lat' dir='ltr'>(Schweigh.‚</span> <span class='ocrx_word' id='word_1_335' title='bbox 599 2409 669 2441; x_wconf 85' lang='lat' dir='ltr'>Lex</span> <span class='ocrx_word' id='word_1_336' title='bbox 691 2418 717 2441; x_wconf 92' lang='lat' dir='ltr'>s.</span> <span class='ocrx_word' id='word_1_337' title='bbox 741 2418 773 2440; x_wconf 84' lang='lat' dir='ltr'>v.</span> <span class='ocrx_word' id='word_1_338' title='bbox 796 2407 937 2451; x_wconf 62' lang='grc' dir='ltr'>γίνεσθαι,</span> <span class='ocrx_word' id='word_1_339' title='bbox 960 2407 1100 2449; x_wconf 87' lang='lat' dir='ltr'>Baehr);</span> <span class='ocrx_word' id='word_1_340' title='bbox 1124 2417 1234 2448; x_wconf 88' lang='lat' dir='ltr'>neque</span> <span class='ocrx_word' id='word_1_341' title='bbox 1258 2407 1304 2449; x_wconf 80' lang='grc' dir='ltr'>(τὰ</span> <span class='ocrx_word' id='word_1_342' title='bbox 1327 2406 1439 2450; x_wconf 80' lang='grc' dir='ltr'>)οἰκότα</span> <span class='ocrx_word' id='word_1_343' title='bbox 1462 2411 1540 2440; x_wconf 86' lang='lat' dir='ltr'>ante</span> <span class='ocrx_word' id='word_1_344' title='bbox 1564 2406 1630 2439; x_wconf 73' lang='grc' dir='ltr'>ἐθέ-</span> 
     </span>
     <span class='ocr_line' id='line_1_36' title="bbox 364 2464 1631 2512; baseline -0.001 -12"><span class='ocrx_word' id='word_1_345' title='bbox 364 2469 406 2500; x_wconf 86' lang='grc' dir='ltr'>λει</span> <span class='ocrx_word' id='word_1_346' title='bbox 429 2470 562 2512; x_wconf 84' lang='lat' dir='ltr'>(Naber,</span> <span class='ocrx_word' id='word_1_347' title='bbox 586 2469 710 2501; x_wconf 71' lang='lat' dir='ltr'>Mnem.‘</span> <span class='ocrx_word' id='word_1_348' title='bbox 733 2468 775 2500; x_wconf 88' lang='lat'>111</span> <span class='ocrx_word' id='word_1_349' title='bbox 796 2467 863 2500; x_wconf 77' lang='lat'>483</span> <span class='ocrx_word' id='word_1_350' title='bbox 886 2470 918 2500; x_wconf 88' lang='lat' dir='ltr'>et</span> <span class='ocrx_word' id='word_1_351' title='bbox 940 2467 1084 2510; x_wconf 73' lang='lat' dir='ltr'>Abicht),</span> <span class='ocrx_word' id='word_1_352' title='bbox 1106 2476 1217 2508; x_wconf 89' lang='lat' dir='ltr'>neque</span> <span class='ocrx_word' id='word_1_353' title='bbox 1240 2477 1322 2499; x_wconf 88' lang='lat' dir='ltr'>vero</span> <span class='ocrx_word' id='word_1_354' title='bbox 1346 2464 1376 2498; x_wconf 74' lang='grc' dir='ltr'>εὖ</span> <span class='ocrx_word' id='word_1_355' title='bbox 1398 2471 1477 2500; x_wconf 87' lang='lat' dir='ltr'>ante</span> <span class='ocrx_word' id='word_1_356' title='bbox 1500 2467 1631 2511; x_wconf 72' lang='grc' dir='ltr'>γίνεσθαι</span> 
     </span>
     <span class='ocr_line' id='line_1_37' title="bbox 365 2526 1461 2571; baseline -0.004 -9"><span class='ocrx_word' id='word_1_357' title='bbox 365 2529 489 2562; x_wconf 76' lang='lat' dir='ltr'>excidit</span> <span class='ocrx_word' id='word_1_358' title='bbox 512 2529 672 2571; x_wconf 85' lang='lat' dir='ltr'>(Krueger</span> <span class='ocrx_word' id='word_1_359' title='bbox 694 2528 745 2561; x_wconf 90' lang='lat' dir='ltr'>ed.</span> <span class='ocrx_word' id='word_1_360' title='bbox 771 2527 874 2566; x_wconf 79' lang='lat'>18563</span> <span class='ocrx_word' id='word_1_361' title='bbox 898 2526 1011 2568; x_wconf 88' lang='lat' dir='ltr'>Cobet,</span> <span class='ocrx_word' id='word_1_362' title='bbox 1035 2527 1158 2560; x_wconf 87' lang='lat' dir='ltr'>Mnem.</span> <span class='ocrx_word' id='word_1_363' title='bbox 1181 2537 1214 2559; x_wconf 92' lang='lat' dir='ltr'>n.</span> <span class='ocrx_word' id='word_1_364' title='bbox 1239 2537 1265 2559; x_wconf 91' lang='lat' dir='ltr'>s.</span> <span class='ocrx_word' id='word_1_365' title='bbox 1289 2526 1352 2559; x_wconf 90' lang='lat' dir='ltr'>XII</span> <span class='ocrx_word' id='word_1_366' title='bbox 1375 2526 1461 2569; x_wconf 81' lang='lat'>273).</span> 
     </span>
    </p>
   </div>
  </div>
 </body>
</html>
