<?xml version="1.0" encoding="UTF-8"?>
<!DOCTYPE html PUBLIC "-//W3C//DTD XHTML 1.0 Transitional//EN"
    "http://www.w3.org/TR/xhtml1/DTD/xhtml1-transitional.dtd">
<html xmlns="http://www.w3.org/1999/xhtml" xml:lang="en" lang="en">
 <head>
  <title>
</title>
<meta http-equiv="Content-Type" content="text/html;charset=utf-8" />
  <meta name='ocr-system' content='tesseract 3.04.00' />
  <meta name='ocr-capabilities' content='ocr_page ocr_carea ocr_par ocr_line ocrx_word'/>
</head>
<body>
  <div class='ocr_page' id='page_1' title='image "4737892_0041.png"; bbox 0 0 1836 2828; ppageno 0'>
   <div class='ocr_carea' id='block_1_1' title="bbox 786 135 1057 174">
    <p class='ocr_par' dir='ltr' id='par_1_1' title="bbox 786 135 1057 174">
     <span class='ocr_line' id='line_1_1' title="bbox 786 135 1057 174; baseline 0.004 -11"><span class='ocrx_word' id='word_1_1' title='bbox 786 135 1057 174; x_wconf 59' lang='lat'><strong>„29-</strong></span> 
     </span>
    </p>
   </div>
   <div class='ocr_carea' id='block_1_2' title="bbox 220 247 1623 2572">
    <p class='ocr_par' dir='ltr' id='par_1_2' title="bbox 224 247 1623 451">
     <span class='ocr_line' id='line_1_2' title="bbox 226 247 1623 314; baseline 0.001 -15"><span class='ocrx_word' id='word_1_2' title='bbox 226 257 379 314; x_wconf 72' lang='grc' dir='ltr'>Σάρδις,</span> <span class='ocrx_word' id='word_1_3' title='bbox 416 263 444 299; x_wconf 94' lang='lat' dir='ltr'><strong>II</strong></span> <span class='ocrx_word' id='word_1_4' title='bbox 475 262 539 308; x_wconf 82' lang='lat'><strong>28,</strong></span> <span class='ocrx_word' id='word_1_5' title='bbox 573 263 592 298; x_wconf 88' lang='lat'>1</span> <span class='ocrx_word' id='word_1_6' title='bbox 623 247 743 298; x_wconf 66' lang='grc' dir='ltr'><strong>τᾷῦτα</strong></span> <span class='ocrx_word' id='word_1_7' title='bbox 770 260 835 313; x_wconf 82' lang='grc' dir='ltr'><strong>μέν</strong></span> <span class='ocrx_word' id='word_1_8' title='bbox 863 275 922 297; x_wconf 88' lang='grc' dir='ltr'><strong>νυν</strong></span> <span class='ocrx_word' id='word_1_9' title='bbox 948 264 1042 298; x_wconf 64' lang='grc' dir='ltr'><strong>ἔστω</strong></span> <span class='ocrx_word' id='word_1_10' title='bbox 1070 264 1117 304; x_wconf 86' lang='grc' dir='ltr'><strong>ὡς</strong></span> <span class='ocrx_word' id='word_1_11' title='bbox 1146 264 1220 298; x_wconf 79' lang='grc' dir='ltr'>ἐστι</span> <span class='ocrx_word' id='word_1_12' title='bbox 1247 264 1344 307; x_wconf 70' lang='grc' dir='ltr'>κτλ,</span> <span class='ocrx_word' id='word_1_13' title='bbox 1383 262 1463 300; x_wconf 83' lang='lat' dir='ltr'>VIII</span> <span class='ocrx_word' id='word_1_14' title='bbox 1493 263 1557 310; x_wconf 84' lang='lat'><strong>23,</strong></span> <span class='ocrx_word' id='word_1_15' title='bbox 1588 266 1623 301; x_wconf 88' lang='grc'><strong>6.</strong></span> 
     </span>
     <span class='ocr_line' id='line_1_3' title="bbox 224 329 1621 381; baseline 0 -11"><span class='ocrx_word' id='word_1_16' title='bbox 224 332 289 381; x_wconf 87' lang='grc'>96,</span> <span class='ocrx_word' id='word_1_17' title='bbox 322 331 382 370; x_wconf 82' lang='grc'><strong>14.</strong></span> <span class='ocrx_word' id='word_1_18' title='bbox 419 329 625 369; x_wconf 89' lang='lat' dir='ltr'><strong>Formulae</strong></span> <span class='ocrx_word' id='word_1_19' title='bbox 652 329 887 369; x_wconf 76' lang='lat' dir='ltr'><strong>narrationis</strong></span> <span class='ocrx_word' id='word_1_20' title='bbox 915 330 1030 370; x_wconf 89' lang='lat' dir='ltr'><strong>finem</strong></span> <span class='ocrx_word' id='word_1_21' title='bbox 1058 330 1263 370; x_wconf 81' lang='lat' dir='ltr'><strong>facientes:</strong></span> <span class='ocrx_word' id='word_1_22' title='bbox 1295 331 1307 368; x_wconf 89' lang='grc'>1</span> <span class='ocrx_word' id='word_1_23' title='bbox 1336 331 1401 380; x_wconf 84' lang='grc'>93,</span> <span class='ocrx_word' id='word_1_24' title='bbox 1434 332 1483 370; x_wconf 85' lang='grc'><strong>19</strong></span> <span class='ocrx_word' id='word_1_25' title='bbox 1511 337 1621 370; x_wconf 70' lang='grc' dir='ltr'>τοῦτο</span> 
     </span>
     <span class='ocr_line' id='line_1_4' title="bbox 225 395 986 451; baseline 0 -14"><span class='ocrx_word' id='word_1_26' title='bbox 225 401 289 451; x_wconf 61' lang='grc' dir='ltr'><strong>μὲν</strong></span> <span class='ocrx_word' id='word_1_27' title='bbox 318 395 362 451; x_wconf 72' lang='grc' dir='ltr'><strong>δὴ</strong></span> <span class='ocrx_word' id='word_1_28' title='bbox 383 399 533 437; x_wconf 56' lang='grc' dir='ltr'><strong>τοιοῦτό</strong></span> <span class='ocrx_word' id='word_1_29' title='bbox 561 400 636 436; x_wconf 68' lang='grc' dir='ltr'><strong>ἐστι</strong></span> <span class='ocrx_word' id='word_1_30' title='bbox 665 417 701 430; x_wconf 89' lang='lat'>=</span> <span class='ocrx_word' id='word_1_31' title='bbox 729 401 775 437; x_wconf 84' lang='lat'><strong>111</strong></span> <span class='ocrx_word' id='word_1_32' title='bbox 807 401 895 444; x_wconf 89' lang='lat'>108,</span> <span class='ocrx_word' id='word_1_33' title='bbox 928 400 986 437; x_wconf 87' lang='lat'><strong>13.</strong></span> 
     </span>
    </p>

    <p class='ocr_par' dir='ltr' id='par_1_3' title="bbox 223 464 1621 869">
     <span class='ocr_line' id='line_1_5' title="bbox 354 464 1620 521; baseline -0.001 -13"><span class='ocrx_word' id='word_1_34' title='bbox 354 468 390 517; x_wconf 82' lang='lat' dir='ltr'><strong>b)</strong></span> <span class='ocrx_word' id='word_1_35' title='bbox 429 468 477 508; x_wconf 86' lang='lat' dir='ltr'><strong>de</strong></span> <span class='ocrx_word' id='word_1_36' title='bbox 504 472 679 518; x_wconf 83' lang='lat' dir='ltr'><strong>tempore</strong></span> <span class='ocrx_word' id='word_1_37' title='bbox 705 469 735 507; x_wconf 86' lang='grc' dir='ltr'><strong>ΙΙ</strong></span> <span class='ocrx_word' id='word_1_38' title='bbox 769 468 864 517; x_wconf 83' lang='grc'>121,</span> <span class='ocrx_word' id='word_1_39' title='bbox 903 468 954 507; x_wconf 86' lang='grc'><strong>27</strong></span> <span class='ocrx_word' id='word_1_40' title='bbox 993 471 1041 512; x_wconf 87' lang='grc' dir='ltr'><strong>ὡς</strong></span> <span class='ocrx_word' id='word_1_41' title='bbox 1067 467 1186 520; x_wconf 72' lang='grc' dir='ltr'>πρόσω</span> <span class='ocrx_word' id='word_1_42' title='bbox 1215 464 1256 520; x_wconf 82' lang='grc' dir='ltr'><strong>ἦν</strong></span> <span class='ocrx_word' id='word_1_43' title='bbox 1284 473 1349 521; x_wconf 82' lang='grc' dir='ltr'><strong>τῆς</strong></span> <span class='ocrx_word' id='word_1_44' title='bbox 1376 468 1513 513; x_wconf 75' lang='grc' dir='ltr'><strong>νυκτός.</strong></span> <span class='ocrx_word' id='word_1_45' title='bbox 1562 469 1620 509; x_wconf 81' lang='lat' dir='ltr'><strong>Cf.</strong></span> 
     </span>
     <span class='ocr_line' id='line_1_6' title="bbox 225 533 1620 591; baseline -0.001 -13"><span class='ocrx_word' id='word_1_46' title='bbox 225 540 290 578; x_wconf 77' lang='lat' dir='ltr'><strong>Ar.</strong></span> <span class='ocrx_word' id='word_1_47' title='bbox 319 539 388 577; x_wconf 80' lang='lat' dir='ltr'><strong>AV.</strong></span> <span class='ocrx_word' id='word_1_48' title='bbox 422 538 525 577; x_wconf 84' lang='lat'>1498</span> <span class='ocrx_word' id='word_1_49' title='bbox 554 537 683 591; x_wconf 82' lang='grc' dir='ltr'><strong>Πηνίκ’</strong></span> <span class='ocrx_word' id='word_1_50' title='bbox 711 541 785 576; x_wconf 80' lang='grc' dir='ltr'>ἔστι</span> <span class='ocrx_word' id='word_1_51' title='bbox 812 543 878 590; x_wconf 84' lang='grc' dir='ltr'><strong>τῆς</strong></span> <span class='ocrx_word' id='word_1_52' title='bbox 904 538 1058 591; x_wconf 69' lang='grc' dir='ltr'>ἡμέρας,</span> <span class='ocrx_word' id='word_1_53' title='bbox 1097 538 1270 587; x_wconf 80' lang='lat' dir='ltr'><strong>Thucyd.</strong></span> <span class='ocrx_word' id='word_1_54' title='bbox 1301 539 1351 576; x_wconf 92' lang='lat' dir='ltr'><strong>lV</strong></span> <span class='ocrx_word' id='word_1_55' title='bbox 1380 539 1455 586; x_wconf 87' lang='lat'><strong>93,</strong></span> <span class='ocrx_word' id='word_1_56' title='bbox 1502 541 1514 576; x_wconf 71' lang='lat'>1</span> <span class='ocrx_word' id='word_1_57' title='bbox 1550 533 1620 590; x_wconf 66' lang='grc' dir='ltr'><strong>ἤδη</strong></span> 
     </span>
     <span class='ocr_line' id='line_1_7' title="bbox 223 601 1619 660; baseline 0 -16"><span class='ocrx_word' id='word_1_58' title='bbox 223 608 292 660; x_wconf 78' lang='grc' dir='ltr'><strong>γὰρ</strong></span> <span class='ocrx_word' id='word_1_59' title='bbox 320 608 380 644; x_wconf 74' lang='grc' dir='ltr'><strong>καὶ</strong></span> <span class='ocrx_word' id='word_1_60' title='bbox 407 612 472 660; x_wconf 82' lang='grc' dir='ltr'><strong>τῆς</strong></span> <span class='ocrx_word' id='word_1_61' title='bbox 499 607 630 660; x_wconf 72' lang='grc' dir='ltr'>ἡμέρας</span> <span class='ocrx_word' id='word_1_62' title='bbox 656 605 721 659; x_wconf 82' lang='grc' dir='ltr'><strong>ὀψὲ</strong></span> <span class='ocrx_word' id='word_1_63' title='bbox 750 603 803 659; x_wconf 77' lang='grc' dir='ltr'>ἦν,</span> <span class='ocrx_word' id='word_1_64' title='bbox 839 608 940 646; x_wconf 86' lang='lat' dir='ltr'><strong>idem</strong></span> <span class='ocrx_word' id='word_1_65' title='bbox 969 608 982 645; x_wconf 95' lang='lat' dir='ltr'>I</span> <span class='ocrx_word' id='word_1_66' title='bbox 1011 608 1075 655; x_wconf 86' lang='lat'><strong>50,</strong></span> <span class='ocrx_word' id='word_1_67' title='bbox 1104 608 1129 645; x_wconf 86' lang='lat'>5</span> <span class='ocrx_word' id='word_1_68' title='bbox 1157 601 1227 659; x_wconf 65' lang='grc' dir='ltr'><strong>ἤδη</strong></span> <span class='ocrx_word' id='word_1_69' title='bbox 1257 601 1296 644; x_wconf 72' lang='grc' dir='ltr'><strong>δὲ</strong></span> <span class='ocrx_word' id='word_1_70' title='bbox 1325 603 1367 659; x_wconf 78' lang='grc' dir='ltr'><strong>ἦν</strong></span> <span class='ocrx_word' id='word_1_71' title='bbox 1395 605 1472 659; x_wconf 71' lang='grc' dir='ltr'><strong>ὀψέ.</strong></span> <span class='ocrx_word' id='word_1_72' title='bbox 1520 609 1619 646; x_wconf 89' lang='lat' dir='ltr'><strong>Xen.</strong></span> 
     </span>
     <span class='ocr_line' id='line_1_8' title="bbox 225 670 1621 730; baseline 0.001 -15"><span class='ocrx_word' id='word_1_73' title='bbox 225 677 295 716; x_wconf 90' lang='lat' dir='ltr'><strong>An.</strong></span> <span class='ocrx_word' id='word_1_74' title='bbox 324 677 338 715; x_wconf 94' lang='lat' dir='ltr'>I</span> <span class='ocrx_word' id='word_1_75' title='bbox 366 677 414 728; x_wconf 91' lang='lat'><strong>8,</strong></span> <span class='ocrx_word' id='word_1_76' title='bbox 458 678 470 715; x_wconf 90' lang='lat'>1</span> <span class='ocrx_word' id='word_1_77' title='bbox 508 677 569 714; x_wconf 71' lang='grc' dir='ltr'><strong>καὶ</strong></span> <span class='ocrx_word' id='word_1_78' title='bbox 595 670 665 730; x_wconf 72' lang='grc' dir='ltr'><strong>ἤδη</strong></span> <span class='ocrx_word' id='word_1_79' title='bbox 693 690 736 715; x_wconf 86' lang='grc' dir='ltr'><strong>τε</strong></span> <span class='ocrx_word' id='word_1_80' title='bbox 763 672 806 730; x_wconf 80' lang='grc' dir='ltr'><strong>ἧν</strong></span> <span class='ocrx_word' id='word_1_81' title='bbox 834 677 924 730; x_wconf 78' lang='grc' dir='ltr'>ἀμφὶ</span> <span class='ocrx_word' id='word_1_82' title='bbox 952 677 1086 730; x_wconf 75' lang='grc' dir='ltr'>ἀγοράν</span> <span class='ocrx_word' id='word_1_83' title='bbox 1112 675 1342 729; x_wconf 61' lang='grc' dir='ltr'>πλήὲουσαν,</span> <span class='ocrx_word' id='word_1_84' title='bbox 1384 678 1464 726; x_wconf 82' lang='lat' dir='ltr'><strong>(VH</strong></span> <span class='ocrx_word' id='word_1_85' title='bbox 1493 679 1539 727; x_wconf 89' lang='lat'><strong>3,</strong></span> <span class='ocrx_word' id='word_1_86' title='bbox 1568 678 1621 716; x_wconf 74' lang='lat'><strong>34</strong></span> 
     </span>
     <span class='ocr_line' id='line_1_9' title="bbox 225 740 1615 800; baseline 0.001 -17"><span class='ocrx_word' id='word_1_87' title='bbox 225 749 272 790; x_wconf 89' lang='grc' dir='ltr'><strong>ὡς</strong></span> <span class='ocrx_word' id='word_1_88' title='bbox 301 740 332 783; x_wconf 80' lang='grc' dir='ltr'><strong>δ’</strong></span> <span class='ocrx_word' id='word_1_89' title='bbox 360 742 402 798; x_wconf 79' lang='grc' dir='ltr'><strong>ἦν</strong></span> <span class='ocrx_word' id='word_1_90' title='bbox 430 746 527 798; x_wconf 83' lang='grc' dir='ltr'>ἥλιος</span> <span class='ocrx_word' id='word_1_91' title='bbox 555 746 612 783; x_wconf 79' lang='grc' dir='ltr'><strong>ἐπὶ</strong></span> <span class='ocrx_word' id='word_1_92' title='bbox 640 740 797 799; x_wconf 77' lang='grc' dir='ltr'>δυσμαῖς,</span> <span class='ocrx_word' id='word_1_93' title='bbox 827 758 991 796; x_wconf 90' lang='lat' dir='ltr'><strong>quorum</strong></span> <span class='ocrx_word' id='word_1_94' title='bbox 1022 747 1214 794; x_wconf 83' lang='lat' dir='ltr'><strong>conferas)</strong></span> <span class='ocrx_word' id='word_1_95' title='bbox 1235 747 1284 784; x_wconf 91' lang='lat' dir='ltr'>VI</span> <span class='ocrx_word' id='word_1_96' title='bbox 1313 749 1349 795; x_wconf 82' lang='lat'><strong>4,</strong></span> <span class='ocrx_word' id='word_1_97' title='bbox 1379 747 1431 786; x_wconf 91' lang='grc'><strong>26</strong></span> <span class='ocrx_word' id='word_1_98' title='bbox 1459 748 1520 784; x_wconf 70' lang='grc' dir='ltr'><strong>καὶ</strong></span> <span class='ocrx_word' id='word_1_99' title='bbox 1546 741 1615 800; x_wconf 80' lang='grc' dir='ltr'><strong>ἤδη</strong></span> 
     </span>
     <span class='ocr_line' id='line_1_10' title="bbox 225 809 780 869; baseline 0.002 -17"><span class='ocrx_word' id='word_1_100' title='bbox 225 815 288 869; x_wconf 77' lang='grc' dir='ltr'><strong>μὲν</strong></span> <span class='ocrx_word' id='word_1_101' title='bbox 317 817 406 868; x_wconf 78' lang='grc' dir='ltr'>ἀμφὶ</span> <span class='ocrx_word' id='word_1_102' title='bbox 434 816 536 867; x_wconf 82' lang='grc' dir='ltr'>ἡλίου</span> <span class='ocrx_word' id='word_1_103' title='bbox 565 809 700 868; x_wconf 78' lang='grc' dir='ltr'>δυσμὰς</span> <span class='ocrx_word' id='word_1_104' title='bbox 727 811 780 868; x_wconf 77' lang='grc' dir='ltr'><strong>ἦν.</strong></span> 
     </span>
    </p>

    <p class='ocr_par' dir='ltr' id='par_1_4' title="bbox 220 883 1622 2572">
     <span class='ocr_line' id='line_1_11' title="bbox 358 883 1621 936; baseline -0.002 -9"><span class='ocrx_word' id='word_1_105' title='bbox 358 883 617 928; x_wconf 74' lang='lat' dir='ltr'><strong>Adnotatio.</strong></span> <span class='ocrx_word' id='word_1_106' title='bbox 674 887 714 924; x_wconf 93' lang='lat' dir='ltr'><strong>In</strong></span> <span class='ocrx_word' id='word_1_107' title='bbox 745 886 810 934; x_wconf 89' lang='lat' dir='ltr'><strong>iis,</strong></span> <span class='ocrx_word' id='word_1_108' title='bbox 850 898 951 936; x_wconf 89' lang='lat' dir='ltr'><strong>quae</strong></span> <span class='ocrx_word' id='word_1_109' title='bbox 983 887 1212 936; x_wconf 85' lang='lat' dir='ltr'><strong>protulimus</strong></span> <span class='ocrx_word' id='word_1_110' title='bbox 1249 887 1398 936; x_wconf 83' lang='lat' dir='ltr'><strong>adhue,</strong></span> <span class='ocrx_word' id='word_1_111' title='bbox 1436 887 1621 936; x_wconf 85' lang='lat' dir='ltr'><strong>exemplis</strong></span> 
     </span>
     <span class='ocr_line' id='line_1_12' title="bbox 224 953 1621 1008; baseline -0.001 -14"><span class='ocrx_word' id='word_1_112' title='bbox 224 955 531 994; x_wconf 78' lang='lat' dir='ltr'>constructiones</span> <span class='ocrx_word' id='word_1_113' title='bbox 567 955 650 994; x_wconf 90' lang='lat' dir='ltr'><strong>sine</strong></span> <span class='ocrx_word' id='word_1_114' title='bbox 687 956 859 994; x_wconf 84' lang='lat' dir='ltr'><strong>subiecto</strong></span> <span class='ocrx_word' id='word_1_115' title='bbox 895 956 1105 994; x_wconf 87' lang='lat' dir='ltr'><strong>verborum</strong></span> <span class='ocrx_word' id='word_1_116' title='bbox 1143 956 1329 1008; x_wconf 65' lang='grc' dir='ltr'>γίνεσὲναι,</span> <span class='ocrx_word' id='word_1_117' title='bbox 1375 959 1489 1008; x_wconf 79' lang='grc' dir='ltr'>ἔχειν,</span> <span class='ocrx_word' id='word_1_118' title='bbox 1535 953 1621 993; x_wconf 71' lang='grc' dir='ltr'><strong>εἶναι</strong></span> 
     </span>
     <span class='ocr_line' id='line_1_13' title="bbox 223 1024 1620 1074; baseline 0.001 -12"><span class='ocrx_word' id='word_1_119' title='bbox 223 1024 503 1062; x_wconf 82' lang='lat' dir='ltr'><strong>illustrantibus</strong></span> <span class='ocrx_word' id='word_1_120' title='bbox 531 1027 708 1063; x_wconf 85' lang='lat' dir='ltr'><strong>statuunt</strong></span> <span class='ocrx_word' id='word_1_121' title='bbox 734 1024 908 1063; x_wconf 91' lang='lat' dir='ltr'>nonnulli</span> <span class='ocrx_word' id='word_1_122' title='bbox 933 1025 1161 1073; x_wconf 85' lang='lat' dir='ltr'><strong>interpretes</strong></span> <span class='ocrx_word' id='word_1_123' title='bbox 1189 1028 1227 1064; x_wconf 91' lang='lat' dir='ltr'><strong>et</strong></span> <span class='ocrx_word' id='word_1_124' title='bbox 1255 1025 1496 1072; x_wconf 84' lang='lat' dir='ltr'><strong>grammatici</strong></span> <span class='ocrx_word' id='word_1_125' title='bbox 1515 1025 1620 1074; x_wconf 87' lang='lat' dir='ltr'><strong>ellip-</strong></span> 
     </span>
     <span class='ocr_line' id='line_1_14' title="bbox 224 1093 1618 1147; baseline 0 -16"><span class='ocrx_word' id='word_1_126' title='bbox 224 1093 284 1132; x_wconf 85' lang='lat' dir='ltr'><strong>sin</strong></span> <span class='ocrx_word' id='word_1_127' title='bbox 303 1093 491 1141; x_wconf 84' lang='lat' dir='ltr'><strong>generalis</strong></span> <span class='ocrx_word' id='word_1_128' title='bbox 510 1093 709 1132; x_wconf 84' lang='lat' dir='ltr'><strong>cuiusdam</strong></span> <span class='ocrx_word' id='word_1_129' title='bbox 730 1094 897 1132; x_wconf 89' lang='lat' dir='ltr'><strong>notionis</strong></span> <span class='ocrx_word' id='word_1_130' title='bbox 913 1095 968 1133; x_wconf 83' lang='lat' dir='ltr'><strong>rei</strong></span> <span class='ocrx_word' id='word_1_131' title='bbox 982 1097 1051 1132; x_wconf 90' lang='lat' dir='ltr'><strong>aut</strong></span> <span class='ocrx_word' id='word_1_132' title='bbox 1066 1094 1261 1143; x_wconf 87' lang='lat' dir='ltr'><strong>temporis,</strong></span> <span class='ocrx_word' id='word_1_133' title='bbox 1280 1094 1386 1133; x_wconf 88' lang='lat' dir='ltr'><strong>velut</strong></span> <span class='ocrx_word' id='word_1_134' title='bbox 1400 1094 1443 1132; x_wconf 80' lang='grc' dir='ltr'><strong>τὸ</strong></span> <span class='ocrx_word' id='word_1_135' title='bbox 1457 1099 1618 1147; x_wconf 76' lang='grc' dir='ltr'>πρᾶγμα,</span> 
     </span>
     <span class='ocr_line' id='line_1_15' title="bbox 224 1162 1619 1218; baseline 0.001 -17"><span class='ocrx_word' id='word_1_136' title='bbox 224 1168 334 1202; x_wconf 84' lang='grc' dir='ltr'>τοῦτο</span> <span class='ocrx_word' id='word_1_137' title='bbox 372 1162 534 1216; x_wconf 79' lang='grc' dir='ltr'>(ταῦτα),</span> <span class='ocrx_word' id='word_1_138' title='bbox 573 1165 596 1217; x_wconf 80' lang='grc' dir='ltr'>ἡ</span> <span class='ocrx_word' id='word_1_139' title='bbox 625 1163 739 1218; x_wconf 75' lang='grc' dir='ltr'>ἡμέρα</span> <span class='ocrx_word' id='word_1_140' title='bbox 776 1165 861 1203; x_wconf 89' lang='lat' dir='ltr'><strong>sim.</strong></span> <span class='ocrx_word' id='word_1_141' title='bbox 909 1164 964 1204; x_wconf 86' lang='lat' dir='ltr'><strong>De</strong></span> <span class='ocrx_word' id='word_1_142' title='bbox 1001 1164 1166 1218; x_wconf 66' lang='grc' dir='ltr'><strong>γίνεσῖται</strong></span> <span class='ocrx_word' id='word_1_143' title='bbox 1194 1164 1241 1204; x_wconf 88' lang='lat' dir='ltr'><strong>ef.</strong></span> <span class='ocrx_word' id='word_1_144' title='bbox 1272 1164 1619 1214; x_wconf 85' lang='lat' dir='ltr'><strong>Krueger-Poekel</strong></span> 
     </span>
     <span class='ocr_line' id='line_1_16' title="bbox 226 1234 1618 1286; baseline 0.001 -14"><span class='ocrx_word' id='word_1_145' title='bbox 226 1235 277 1273; x_wconf 88' lang='lat' dir='ltr'><strong>ad</strong></span> <span class='ocrx_word' id='word_1_146' title='bbox 296 1234 436 1273; x_wconf 85' lang='lat' dir='ltr'><strong>Herod.</strong></span> <span class='ocrx_word' id='word_1_147' title='bbox 452 1234 508 1272; x_wconf 93' lang='lat' dir='ltr'>VI</span> <span class='ocrx_word' id='word_1_148' title='bbox 529 1235 590 1277; x_wconf 87' lang='lat'><strong>67,</strong></span> <span class='ocrx_word' id='word_1_149' title='bbox 625 1237 656 1272; x_wconf 84' lang='lat'><strong>1.</strong></span> <span class='ocrx_word' id='word_1_150' title='bbox 687 1238 781 1286; x_wconf 79' lang='grc' dir='ltr'><strong>ἔχειν</strong></span> <span class='ocrx_word' id='word_1_151' title='bbox 809 1234 1025 1283; x_wconf 83' lang='lat' dir='ltr'><strong>Sehweigh.</strong></span> <span class='ocrx_word' id='word_1_152' title='bbox 1056 1236 1144 1275; x_wconf 84' lang='lat' dir='ltr'><strong>Lex.</strong></span> <span class='ocrx_word' id='word_1_153' title='bbox 1174 1248 1202 1274; x_wconf 90' lang='lat' dir='ltr'><strong>s.</strong></span> <span class='ocrx_word' id='word_1_154' title='bbox 1230 1248 1267 1273; x_wconf 82' lang='lat' dir='ltr'><strong>V.</strong></span> <span class='ocrx_word' id='word_1_155' title='bbox 1298 1236 1404 1284; x_wconf 82' lang='lat'>(302,</span> <span class='ocrx_word' id='word_1_156' title='bbox 1432 1236 1483 1284; x_wconf 89' lang='lat'><strong>5),</strong></span> <span class='ocrx_word' id='word_1_157' title='bbox 1512 1236 1618 1274; x_wconf 78' lang='lat' dir='ltr'><strong>Stein</strong></span> 
     </span>
     <span class='ocr_line' id='line_1_17' title="bbox 225 1301 1618 1355; baseline 0.001 -14"><span class='ocrx_word' id='word_1_158' title='bbox 225 1305 239 1341; x_wconf 96' lang='grc' dir='ltr'>Ι</span> <span class='ocrx_word' id='word_1_159' title='bbox 272 1304 358 1351; x_wconf 83' lang='lat'><strong>126,</strong></span> <span class='ocrx_word' id='word_1_160' title='bbox 387 1303 437 1342; x_wconf 83' lang='lat'><strong>27</strong></span> <span class='ocrx_word' id='word_1_161' title='bbox 468 1303 572 1352; x_wconf 87' lang='lat' dir='ltr'><strong>(vide</strong></span> <span class='ocrx_word' id='word_1_162' title='bbox 598 1304 738 1343; x_wconf 90' lang='lat' dir='ltr'><strong>ibidem</strong></span> <span class='ocrx_word' id='word_1_163' title='bbox 768 1316 803 1342; x_wconf 88' lang='lat' dir='ltr'><strong>v.</strong></span> <span class='ocrx_word' id='word_1_164' title='bbox 837 1304 912 1354; x_wconf 85' lang='lat'>19),</span> <span class='ocrx_word' id='word_1_165' title='bbox 940 1301 1026 1342; x_wconf 71' lang='grc' dir='ltr'><strong>εἶναι</strong></span> <span class='ocrx_word' id='word_1_166' title='bbox 1056 1305 1225 1352; x_wconf 86' lang='lat' dir='ltr'><strong>Krueger</strong></span> <span class='ocrx_word' id='word_1_167' title='bbox 1252 1305 1282 1343; x_wconf 87' lang='grc' dir='ltr'>Π</span> <span class='ocrx_word' id='word_1_168' title='bbox 1310 1305 1374 1344; x_wconf 84' lang='grc'><strong>50.</strong></span> <span class='ocrx_word' id='word_1_169' title='bbox 1405 1305 1460 1345; x_wconf 93' lang='lat' dir='ltr'><strong>De</strong></span> <span class='ocrx_word' id='word_1_170' title='bbox 1478 1305 1618 1355; x_wconf 90' lang='lat' dir='ltr'><strong>quibus</strong></span> 
     </span>
     <span class='ocr_line' id='line_1_18' title="bbox 224 1374 1616 1426; baseline -0.001 -12"><span class='ocrx_word' id='word_1_171' title='bbox 224 1375 353 1414; x_wconf 88' lang='lat' dir='ltr'><strong>verbis</strong></span> <span class='ocrx_word' id='word_1_172' title='bbox 380 1375 420 1413; x_wconf 92' lang='lat' dir='ltr'><strong>in</strong></span> <span class='ocrx_word' id='word_1_173' title='bbox 448 1374 672 1413; x_wconf 73' lang='lat' dir='ltr'><strong>universum</strong></span> <span class='ocrx_word' id='word_1_174' title='bbox 699 1375 923 1414; x_wconf 85' lang='lat' dir='ltr'><strong>conferatur</strong></span> <span class='ocrx_word' id='word_1_175' title='bbox 952 1375 1123 1422; x_wconf 85' lang='lat' dir='ltr'><strong>Krueger</strong></span> <span class='ocrx_word' id='word_1_176' title='bbox 1152 1375 1261 1424; x_wconf 91' lang='lat' dir='ltr'><strong>(Xen.</strong></span> <span class='ocrx_word' id='word_1_177' title='bbox 1294 1375 1366 1413; x_wconf 87' lang='lat' dir='ltr'><strong>An.</strong></span> <span class='ocrx_word' id='word_1_178' title='bbox 1398 1376 1412 1413; x_wconf 95' lang='lat' dir='ltr'>I</span> <span class='ocrx_word' id='word_1_179' title='bbox 1441 1376 1479 1426; x_wconf 92' lang='lat'><strong>8,</strong></span> <span class='ocrx_word' id='word_1_180' title='bbox 1513 1376 1531 1413; x_wconf 84' lang='lat'>1</span> <span class='ocrx_word' id='word_1_181' title='bbox 1563 1374 1616 1425; x_wconf 92' lang='lat' dir='ltr'><strong>et)</strong></span> 
     </span>
     <span class='ocr_line' id='line_1_19' title="bbox 224 1444 1618 1494; baseline 0 -11"><span class='ocrx_word' id='word_1_182' title='bbox 224 1446 289 1484; x_wconf 85' lang='lat' dir='ltr'><strong>Gr.</strong></span> <span class='ocrx_word' id='word_1_183' title='bbox 310 1456 364 1493; x_wconf 85' lang='lat' dir='ltr'><strong>gr.</strong></span> <span class='ocrx_word' id='word_1_184' title='bbox 385 1445 449 1494; x_wconf 88' lang='lat'><strong>61,</strong></span> <span class='ocrx_word' id='word_1_185' title='bbox 480 1445 516 1494; x_wconf 88' lang='lat'><strong>5,</strong></span> <span class='ocrx_word' id='word_1_186' title='bbox 546 1445 581 1483; x_wconf 88' lang='lat'><strong>6.</strong></span> <span class='ocrx_word' id='word_1_187' title='bbox 610 1444 792 1484; x_wconf 89' lang='lat' dir='ltr'><strong>Kuehner</strong></span> <span class='ocrx_word' id='word_1_188' title='bbox 819 1446 843 1494; x_wconf 69' lang='grc' dir='ltr'><strong><em>ξ</em></strong></span> <span class='ocrx_word' id='word_1_189' title='bbox 863 1444 942 1484; x_wconf 87' lang='grc'><strong>352</strong></span> <span class='ocrx_word' id='word_1_190' title='bbox 962 1457 995 1483; x_wconf 86' lang='lat' dir='ltr'><strong>e.</strong></span> <span class='ocrx_word' id='word_1_191' title='bbox 1024 1444 1258 1484; x_wconf 88' lang='lat' dir='ltr'><strong>Mentionem</strong></span> <span class='ocrx_word' id='word_1_192' title='bbox 1287 1446 1403 1484; x_wconf 88' lang='lat' dir='ltr'><strong>etiam</strong></span> <span class='ocrx_word' id='word_1_193' title='bbox 1432 1444 1618 1484; x_wconf 82' lang='lat' dir='ltr'><strong>faciemus</strong></span> 
     </span>
     <span class='ocr_line' id='line_1_20' title="bbox 224 1515 1618 1565; baseline 0.001 -11"><span class='ocrx_word' id='word_1_194' title='bbox 224 1516 272 1555; x_wconf 93' lang='lat' dir='ltr'><strong>de</strong></span> <span class='ocrx_word' id='word_1_195' title='bbox 298 1515 557 1555; x_wconf 81' lang='lat' dir='ltr'><strong>inconstantia</strong></span> <span class='ocrx_word' id='word_1_196' title='bbox 584 1516 829 1565; x_wconf 88' lang='lat' dir='ltr'><strong>quorundam</strong></span> <span class='ocrx_word' id='word_1_197' title='bbox 858 1515 1058 1554; x_wconf 89' lang='lat' dir='ltr'><strong>hominum</strong></span> <span class='ocrx_word' id='word_1_198' title='bbox 1097 1515 1301 1554; x_wconf 73' lang='lat' dir='ltr'><strong>doctorum</strong></span> <span class='ocrx_word' id='word_1_199' title='bbox 1330 1517 1369 1554; x_wconf 91' lang='lat' dir='ltr'><strong>in</strong></span> <span class='ocrx_word' id='word_1_200' title='bbox 1397 1516 1472 1554; x_wconf 85' lang='lat' dir='ltr'><strong>hae</strong></span> <span class='ocrx_word' id='word_1_201' title='bbox 1500 1528 1618 1565; x_wconf 88' lang='lat' dir='ltr'><strong>quae-</strong></span> 
     </span>
     <span class='ocr_line' id='line_1_21' title="bbox 223 1584 1618 1640; baseline 0.001 -15"><span class='ocrx_word' id='word_1_202' title='bbox 223 1586 347 1625; x_wconf 85' lang='lat' dir='ltr'><strong>stione</strong></span> <span class='ocrx_word' id='word_1_203' title='bbox 384 1585 601 1625; x_wconf 80' lang='lat' dir='ltr'><strong>traetanda.</strong></span> <span class='ocrx_word' id='word_1_204' title='bbox 657 1586 714 1625; x_wconf 83' lang='lat' dir='ltr'><strong>Ae</strong></span> <span class='ocrx_word' id='word_1_205' title='bbox 743 1586 911 1636; x_wconf 88' lang='lat' dir='ltr'><strong>primum</strong></span> <span class='ocrx_word' id='word_1_206' title='bbox 939 1584 1282 1634; x_wconf 80' lang='lat' dir='ltr'><strong>Schweighaueser</strong></span> <span class='ocrx_word' id='word_1_207' title='bbox 1310 1586 1361 1625; x_wconf 90' lang='lat' dir='ltr'><strong>ad</strong></span> <span class='ocrx_word' id='word_1_208' title='bbox 1390 1588 1466 1640; x_wconf 82' lang='grc' dir='ltr'>ἔχει</span> <span class='ocrx_word' id='word_1_209' title='bbox 1494 1586 1618 1626; x_wconf 88' lang='lat' dir='ltr'><strong>subie-</strong></span> 
     </span>
     <span class='ocr_line' id='line_1_22' title="bbox 222 1657 1617 1714; baseline 0.001 -16"><span class='ocrx_word' id='word_1_210' title='bbox 222 1661 328 1699; x_wconf 84' lang='lat' dir='ltr'><strong>ctum</strong></span> <span class='ocrx_word' id='word_1_211' title='bbox 355 1662 505 1714; x_wconf 70' lang='grc' dir='ltr'>πρῆγμα</span> <span class='ocrx_word' id='word_1_212' title='bbox 533 1657 736 1710; x_wconf 88' lang='lat' dir='ltr'><strong>subaudit,</strong></span> <span class='ocrx_word' id='word_1_213' title='bbox 774 1657 910 1713; x_wconf 83' lang='grc' dir='ltr'><strong>γίνεταί</strong></span> <span class='ocrx_word' id='word_1_214' title='bbox 937 1671 997 1712; x_wconf 84' lang='grc' dir='ltr'><strong>μοι</strong></span> <span class='ocrx_word' id='word_1_215' title='bbox 1024 1662 1144 1703; x_wconf 72' lang='grc' dir='ltr'><strong>κακῶς</strong></span> <span class='ocrx_word' id='word_1_216' title='bbox 1172 1662 1304 1699; x_wconf 90' lang='lat' dir='ltr'><strong>autem</strong></span> <span class='ocrx_word' id='word_1_217' title='bbox 1333 1659 1415 1700; x_wconf 88' lang='lat' dir='ltr'><strong>sine</strong></span> <span class='ocrx_word' id='word_1_218' title='bbox 1443 1658 1617 1699; x_wconf 84' lang='lat' dir='ltr'><strong>subiecto</strong></span> 
     </span>
     <span class='ocr_line' id='line_1_23' title="bbox 222 1730 1614 1783; baseline -0.001 -13"><span class='ocrx_word' id='word_1_219' title='bbox 222 1742 308 1770; x_wconf 85' lang='lat' dir='ltr'><strong>esse</strong></span> <span class='ocrx_word' id='word_1_220' title='bbox 336 1730 500 1769; x_wconf 76' lang='lat' dir='ltr'><strong>taeendo</strong></span> <span class='ocrx_word' id='word_1_221' title='bbox 529 1730 746 1769; x_wconf 71' lang='lat' dir='ltr'><strong>consentire</strong></span> <span class='ocrx_word' id='word_1_222' title='bbox 773 1730 926 1768; x_wconf 88' lang='lat' dir='ltr'><strong>videtur</strong></span> <span class='ocrx_word' id='word_1_223' title='bbox 954 1730 1060 1779; x_wconf 73' lang='lat' dir='ltr'><strong>(Lex.</strong></span> <span class='ocrx_word' id='word_1_224' title='bbox 1080 1742 1111 1768; x_wconf 77' lang='lat' dir='ltr'><strong>S.</strong></span> <span class='ocrx_word' id='word_1_225' title='bbox 1133 1741 1171 1767; x_wconf 89' lang='lat' dir='ltr'><strong>v.</strong></span> <span class='ocrx_word' id='word_1_226' title='bbox 1192 1730 1358 1783; x_wconf 65' lang='grc' dir='ltr'><strong>γίνεσθαι</strong></span> <span class='ocrx_word' id='word_1_227' title='bbox 1386 1730 1422 1778; x_wconf 86' lang='grc'><strong>2)</strong></span> <span class='ocrx_word' id='word_1_228' title='bbox 1451 1742 1485 1780; x_wconf 92' lang='lat' dir='ltr'><strong>p.</strong></span> <span class='ocrx_word' id='word_1_229' title='bbox 1510 1730 1614 1779; x_wconf 89' lang='lat'><strong>133).</strong></span> 
     </span>
     <span class='ocr_line' id='line_1_24' title="bbox 222 1800 1616 1853; baseline 0 -10"><span class='ocrx_word' id='word_1_230' title='bbox 222 1801 310 1843; x_wconf 91' lang='lat' dir='ltr'><strong>Non</strong></span> <span class='ocrx_word' id='word_1_231' title='bbox 338 1812 494 1843; x_wconf 78' lang='lat' dir='ltr'><strong>necesse</strong></span> <span class='ocrx_word' id='word_1_232' title='bbox 521 1800 648 1843; x_wconf 86' lang='lat' dir='ltr'><strong>habeo</strong></span> <span class='ocrx_word' id='word_1_233' title='bbox 686 1806 773 1853; x_wconf 89' lang='lat' dir='ltr'><strong>post</strong></span> <span class='ocrx_word' id='word_1_234' title='bbox 809 1800 1041 1843; x_wconf 87' lang='lat' dir='ltr'><strong>Bredovium</strong></span> <span class='ocrx_word' id='word_1_235' title='bbox 1080 1801 1253 1853; x_wconf 83' lang='lat' dir='ltr'><strong>aliosque</strong></span> <span class='ocrx_word' id='word_1_236' title='bbox 1283 1801 1330 1843; x_wconf 92' lang='lat' dir='ltr'><strong>de</strong></span> <span class='ocrx_word' id='word_1_237' title='bbox 1358 1802 1616 1843; x_wconf 79' lang='lat' dir='ltr'><strong>inconstantia</strong></span> 
     </span>
     <span class='ocr_line' id='line_1_25' title="bbox 222 1874 1622 1924; baseline -0.001 -11"><span class='ocrx_word' id='word_1_238' title='bbox 222 1878 261 1914; x_wconf 92' lang='lat' dir='ltr'><strong>et</strong></span> <span class='ocrx_word' id='word_1_239' title='bbox 288 1886 404 1924; x_wconf 89' lang='lat' dir='ltr'><strong>saepe</strong></span> <span class='ocrx_word' id='word_1_240' title='bbox 431 1874 529 1913; x_wconf 86' lang='lat' dir='ltr'><strong>falsa</strong></span> <span class='ocrx_word' id='word_1_241' title='bbox 557 1874 733 1913; x_wconf 86' lang='lat' dir='ltr'><strong>doctrina</strong></span> <span class='ocrx_word' id='word_1_242' title='bbox 772 1874 1128 1922; x_wconf 82' lang='lat' dir='ltr'><strong>Schweighaeuseri</strong></span> <span class='ocrx_word' id='word_1_243' title='bbox 1165 1875 1287 1913; x_wconf 89' lang='lat' dir='ltr'><strong>multa</strong></span> <span class='ocrx_word' id='word_1_244' title='bbox 1326 1875 1447 1914; x_wconf 88' lang='lat' dir='ltr'><strong>verba</strong></span> <span class='ocrx_word' id='word_1_245' title='bbox 1475 1875 1622 1914; x_wconf 58' lang='lat' dir='ltr'><strong>faeere:</strong></span> 
     </span>
     <span class='ocr_line' id='line_1_26' title="bbox 221 1944 1615 2000; baseline 0 -15"><span class='ocrx_word' id='word_1_246' title='bbox 221 1946 315 1986; x_wconf 87' lang='lat' dir='ltr'><strong>Item</strong></span> <span class='ocrx_word' id='word_1_247' title='bbox 343 1945 449 1986; x_wconf 88' lang='lat' dir='ltr'><strong>Stein</strong></span> <span class='ocrx_word' id='word_1_248' title='bbox 477 1945 599 1986; x_wconf 87' lang='lat' dir='ltr'><strong>verbo</strong></span> <span class='ocrx_word' id='word_1_249' title='bbox 628 1944 771 2000; x_wconf 83' lang='grc' dir='ltr'><strong>ἐγένετο</strong></span> <span class='ocrx_word' id='word_1_250' title='bbox 800 1945 902 1996; x_wconf 89' lang='lat' dir='ltr'><strong>(Her.</strong></span> <span class='ocrx_word' id='word_1_251' title='bbox 931 1945 1011 1985; x_wconf 86' lang='lat' dir='ltr'>VIII</span> <span class='ocrx_word' id='word_1_252' title='bbox 1040 1947 1076 1996; x_wconf 89' lang='lat'><strong>6,</strong></span> <span class='ocrx_word' id='word_1_253' title='bbox 1105 1945 1142 1985; x_wconf 92' lang='grc'><strong>2.</strong></span> <span class='ocrx_word' id='word_1_254' title='bbox 1176 1946 1263 1996; x_wconf 88' lang='grc'>107,</span> <span class='ocrx_word' id='word_1_255' title='bbox 1292 1946 1332 1996; x_wconf 85' lang='lat'><strong>5)</strong></span> <span class='ocrx_word' id='word_1_256' title='bbox 1363 1946 1496 1987; x_wconf 86' lang='lat' dir='ltr'><strong>deesse</strong></span> <span class='ocrx_word' id='word_1_257' title='bbox 1523 1946 1615 1986; x_wconf 91' lang='lat' dir='ltr'><strong>sub-</strong></span> 
     </span>
     <span class='ocr_line' id='line_1_27' title="bbox 221 2018 1613 2068; baseline -0.001 -11"><span class='ocrx_word' id='word_1_258' title='bbox 221 2019 362 2058; x_wconf 84' lang='lat' dir='ltr'><strong>iectum</strong></span> <span class='ocrx_word' id='word_1_259' title='bbox 404 2018 620 2068; x_wconf 86' lang='lat' dir='ltr'><strong>contendit,</strong></span> <span class='ocrx_word' id='word_1_260' title='bbox 662 2018 772 2058; x_wconf 88' lang='lat' dir='ltr'><strong>aliter</strong></span> <span class='ocrx_word' id='word_1_261' title='bbox 809 2022 941 2058; x_wconf 88' lang='lat' dir='ltr'><strong>tamen</strong></span> <span class='ocrx_word' id='word_1_262' title='bbox 982 2019 1148 2068; x_wconf 85' lang='lat' dir='ltr'><strong>explieat</strong></span> <span class='ocrx_word' id='word_1_263' title='bbox 1190 2019 1318 2057; x_wconf 87' lang='lat' dir='ltr'><strong>locum</strong></span> <span class='ocrx_word' id='word_1_264' title='bbox 1356 2019 1369 2056; x_wconf 94' lang='lat' dir='ltr'>I</span> <span class='ocrx_word' id='word_1_265' title='bbox 1412 2018 1508 2067; x_wconf 86' lang='grc'>126,</span> <span class='ocrx_word' id='word_1_266' title='bbox 1551 2018 1613 2056; x_wconf 88' lang='grc'><strong>27.</strong></span> 
     </span>
     <span class='ocr_line' id='line_1_28' title="bbox 222 2088 1615 2143; baseline 0.001 -16"><span class='ocrx_word' id='word_1_267' title='bbox 222 2088 395 2138; x_wconf 85' lang='lat' dir='ltr'><strong>Madvig,</strong></span> <span class='ocrx_word' id='word_1_268' title='bbox 439 2089 546 2140; x_wconf 79' lang='lat' dir='ltr'><strong>Synt.</strong></span> <span class='ocrx_word' id='word_1_269' title='bbox 584 2088 605 2141; x_wconf 64' lang='grc' dir='ltr'>ξ</span> <span class='ocrx_word' id='word_1_270' title='bbox 647 2089 720 2129; x_wconf 88' lang='grc'><strong>181</strong></span> <span class='ocrx_word' id='word_1_271' title='bbox 762 2089 797 2140; x_wconf 79' lang='lat' dir='ltr'><strong>c)</strong></span> <span class='ocrx_word' id='word_1_272' title='bbox 836 2089 1012 2130; x_wconf 78' lang='lat' dir='ltr'><strong>concedit</strong></span> <span class='ocrx_word' id='word_1_273' title='bbox 1048 2101 1182 2130; x_wconf 84' lang='lat' dir='ltr'><strong>vocem</strong></span> <span class='ocrx_word' id='word_1_274' title='bbox 1220 2092 1296 2143; x_wconf 80' lang='grc' dir='ltr'>ἔχει</span> <span class='ocrx_word' id='word_1_275' title='bbox 1332 2088 1464 2129; x_wconf 87' lang='lat' dir='ltr'><strong>referri</strong></span> <span class='ocrx_word' id='word_1_276' title='bbox 1501 2100 1615 2138; x_wconf 87' lang='lat' dir='ltr'><strong>posse</strong></span> 
     </span>
     <span class='ocr_line' id='line_1_29' title="bbox 222 2159 1612 2211; baseline -0.002 -11"><span class='ocrx_word' id='word_1_277' title='bbox 222 2160 272 2200; x_wconf 86' lang='lat' dir='ltr'><strong>ad</strong></span> <span class='ocrx_word' id='word_1_278' title='bbox 309 2160 675 2209; x_wconf 86' lang='lat' dir='ltr'><strong>subintellegendam</strong></span> <span class='ocrx_word' id='word_1_279' title='bbox 714 2161 770 2201; x_wconf 87' lang='lat' dir='ltr'><strong>rei</strong></span> <span class='ocrx_word' id='word_1_280' title='bbox 806 2161 1024 2211; x_wconf 89' lang='lat' dir='ltr'><strong>notionem,</strong></span> <span class='ocrx_word' id='word_1_281' title='bbox 1064 2161 1154 2200; x_wconf 87' lang='lat' dir='ltr'><strong>alibi</strong></span> <span class='ocrx_word' id='word_1_282' title='bbox 1189 2166 1320 2200; x_wconf 89' lang='lat' dir='ltr'><strong>autem</strong></span> <span class='ocrx_word' id='word_1_283' title='bbox 1348 2160 1369 2211; x_wconf 61' lang='grc' dir='ltr'>ξ</span> <span class='ocrx_word' id='word_1_284' title='bbox 1398 2161 1421 2199; x_wconf 95' lang='grc'><strong>7</strong></span> <span class='ocrx_word' id='word_1_285' title='bbox 1451 2161 1493 2201; x_wconf 90' lang='lat' dir='ltr'><strong>a)</strong></span> <span class='ocrx_word' id='word_1_286' title='bbox 1521 2159 1612 2199; x_wconf 87' lang='lat' dir='ltr'><strong>adn.</strong></span> 
     </span>
     <span class='ocr_line' id='line_1_30' title="bbox 221 2217 1614 2282; baseline 0 -12"><span class='ocrx_word' id='word_1_287' title='bbox 221 2233 248 2270; x_wconf 87' lang='lat'><strong>4</strong></span> <span class='ocrx_word' id='word_1_288' title='bbox 276 2235 411 2282; x_wconf 85' lang='lat' dir='ltr'><strong>aperte</strong></span> <span class='ocrx_word' id='word_1_289' title='bbox 438 2230 569 2281; x_wconf 85' lang='lat' dir='ltr'><strong>docet,</strong></span> <span class='ocrx_word' id='word_1_290' title='bbox 606 2231 818 2272; x_wconf 87' lang='lat' dir='ltr'><strong>locutiones</strong></span> <span class='ocrx_word' id='word_1_291' title='bbox 845 2231 978 2281; x_wconf 72' lang='grc' dir='ltr'>οὕτως,</span> <span class='ocrx_word' id='word_1_292' title='bbox 1018 2233 1138 2277; x_wconf 73' lang='grc' dir='ltr'>καλῶς</span> <span class='ocrx_word' id='word_1_293' title='bbox 1172 2234 1265 2281; x_wconf 80' lang='grc' dir='ltr'>ἔχει,</span> <span class='ocrx_word' id='word_1_294' title='bbox 1287 2217 1389 2270; x_wconf 44' lang='grc' dir='ltr'>ἐἶναι</span> <span class='ocrx_word' id='word_1_295' title='bbox 1427 2231 1490 2281; x_wconf 92' lang='lat' dir='ltr'><strong>(de</strong></span> <span class='ocrx_word' id='word_1_296' title='bbox 1517 2233 1614 2270; x_wconf 92' lang='lat' dir='ltr'><strong>tem-</strong></span> 
     </span>
     <span class='ocr_line' id='line_1_31' title="bbox 221 2303 1612 2353; baseline -0.001 -11"><span class='ocrx_word' id='word_1_297' title='bbox 221 2304 330 2353; x_wconf 90' lang='lat' dir='ltr'><strong>pore)</strong></span> <span class='ocrx_word' id='word_1_298' title='bbox 359 2303 531 2343; x_wconf 81' lang='lat' dir='ltr'><strong>subiecto</strong></span> <span class='ocrx_word' id='word_1_299' title='bbox 560 2314 644 2342; x_wconf 89' lang='lat' dir='ltr'><strong>esse</strong></span> <span class='ocrx_word' id='word_1_300' title='bbox 672 2303 855 2352; x_wconf 84' lang='lat' dir='ltr'><strong>privatas.</strong></span> <span class='ocrx_word' id='word_1_301' title='bbox 886 2303 1125 2352; x_wconf 81' lang='lat' dir='ltr'><strong>(Vollbrecht</strong></span> <span class='ocrx_word' id='word_1_302' title='bbox 1151 2304 1190 2341; x_wconf 93' lang='lat' dir='ltr'><strong>in</strong></span> <span class='ocrx_word' id='word_1_303' title='bbox 1219 2303 1306 2341; x_wconf 90' lang='lat' dir='ltr'><strong>adn.</strong></span> <span class='ocrx_word' id='word_1_304' title='bbox 1335 2303 1385 2341; x_wconf 89' lang='lat' dir='ltr'><strong>ad</strong></span> <span class='ocrx_word' id='word_1_305' title='bbox 1415 2304 1509 2342; x_wconf 91' lang='lat' dir='ltr'><strong>Xen.</strong></span> <span class='ocrx_word' id='word_1_306' title='bbox 1539 2303 1612 2340; x_wconf 91' lang='lat' dir='ltr'><strong>An.</strong></span> 
     </span>
     <span class='ocr_line' id='line_1_32' title="bbox 221 2358 1614 2428; baseline -0.001 -15"><span class='ocrx_word' id='word_1_307' title='bbox 221 2375 267 2425; x_wconf 83' lang='lat'><strong>4,</strong></span> <span class='ocrx_word' id='word_1_308' title='bbox 296 2374 341 2424; x_wconf 88' lang='grc'>6,</span> <span class='ocrx_word' id='word_1_309' title='bbox 380 2373 404 2413; x_wconf 86' lang='grc'><strong>2</strong></span> <span class='ocrx_word' id='word_1_310' title='bbox 432 2374 556 2428; x_wconf 82' lang='grc' dir='ltr'><strong>ἠγεῖτο</strong></span> <span class='ocrx_word' id='word_1_311' title='bbox 583 2392 619 2404; x_wconf 64' lang='grc' dir='ltr'><em>Ν</em></span> <span class='ocrx_word' id='word_1_312' title='bbox 647 2374 769 2419; x_wconf 81' lang='grc' dir='ltr'>αὐτοῖς</span> <span class='ocrx_word' id='word_1_313' title='bbox 804 2375 823 2412; x_wconf 86' lang='grc' dir='ltr'><em>ὁ</em></span> <span class='ocrx_word' id='word_1_314' title='bbox 857 2371 1054 2428; x_wconf 81' lang='grc' dir='ltr'>κωμάρχης</span> <span class='ocrx_word' id='word_1_315' title='bbox 1083 2403 1091 2412; x_wconf 92' lang='grc'><strong>.</strong></span> <span class='ocrx_word' id='word_1_316' title='bbox 1125 2404 1133 2412; x_wconf 91' lang='grc'><strong>.</strong></span> <span class='ocrx_word' id='word_1_317' title='bbox 1165 2404 1173 2412; x_wconf 93' lang='grc'><strong>.</strong></span> <span class='ocrx_word' id='word_1_318' title='bbox 1204 2373 1264 2412; x_wconf 78' lang='grc' dir='ltr'><strong>καὶ</strong></span> <span class='ocrx_word' id='word_1_319' title='bbox 1284 2358 1370 2428; x_wconf 19' lang='grc' dir='ltr'><strong>’ἤδη</strong></span> <span class='ocrx_word' id='word_1_320' title='bbox 1407 2386 1450 2412; x_wconf 85' lang='grc' dir='ltr'><strong>τε</strong></span> <span class='ocrx_word' id='word_1_321' title='bbox 1485 2373 1521 2412; x_wconf 85' lang='grc' dir='ltr'><strong>ἐν</strong></span> <span class='ocrx_word' id='word_1_322' title='bbox 1558 2378 1614 2423; x_wconf 85' lang='grc' dir='ltr'><strong>τῷ</strong></span> 
     </span>
     <span class='ocr_line' id='line_1_33' title="bbox 220 2442 1615 2499; baseline 0.001 -15"><span class='ocrx_word' id='word_1_323' title='bbox 220 2446 330 2499; x_wconf 85' lang='grc' dir='ltr'>τρίτῳ</span> <span class='ocrx_word' id='word_1_324' title='bbox 368 2446 530 2499; x_wconf 65' lang='grc' dir='ltr'>σταθμῷ</span> <span class='ocrx_word' id='word_1_325' title='bbox 566 2447 704 2485; x_wconf 87' lang='lat' dir='ltr'><strong>mirum</strong></span> <span class='ocrx_word' id='word_1_326' title='bbox 734 2447 773 2485; x_wconf 89' lang='lat' dir='ltr'><strong>in</strong></span> <span class='ocrx_word' id='word_1_327' title='bbox 801 2446 959 2485; x_wconf 91' lang='lat' dir='ltr'><strong>modum</strong></span> <span class='ocrx_word' id='word_1_328' title='bbox 989 2447 1149 2485; x_wconf 89' lang='lat' dir='ltr'><strong>verbum</strong></span> <span class='ocrx_word' id='word_1_329' title='bbox 1179 2442 1221 2499; x_wconf 81' lang='grc' dir='ltr'><strong>ἦν</strong></span> <span class='ocrx_word' id='word_1_330' title='bbox 1250 2451 1319 2485; x_wconf 90' lang='lat' dir='ltr'><strong>aut</strong></span> <span class='ocrx_word' id='word_1_331' title='bbox 1346 2447 1520 2485; x_wconf 86' lang='lat' dir='ltr'><strong>subiecto</strong></span> <span class='ocrx_word' id='word_1_332' title='bbox 1549 2459 1615 2485; x_wconf 85' lang='lat' dir='ltr'><strong>ea-</strong></span> 
     </span>
     <span class='ocr_line' id='line_1_34' title="bbox 221 2514 1310 2572; baseline 0.002 -17"><span class='ocrx_word' id='word_1_333' title='bbox 221 2526 307 2556; x_wconf 87' lang='lat' dir='ltr'><strong>rere</strong></span> <span class='ocrx_word' id='word_1_334' title='bbox 334 2520 402 2556; x_wconf 83' lang='lat' dir='ltr'><strong>aut</strong></span> <span class='ocrx_word' id='word_1_335' title='bbox 430 2516 480 2556; x_wconf 82' lang='lat' dir='ltr'><strong>ad</strong></span> <span class='ocrx_word' id='word_1_336' title='bbox 510 2516 699 2556; x_wconf 86' lang='lat' dir='ltr'><strong>nominat.</strong></span> <span class='ocrx_word' id='word_1_337' title='bbox 727 2514 923 2572; x_wconf 77' lang='grc' dir='ltr'>κωμάρχης</span> <span class='ocrx_word' id='word_1_338' title='bbox 951 2517 1142 2568; x_wconf 86' lang='lat' dir='ltr'><strong>pertinere</strong></span> <span class='ocrx_word' id='word_1_339' title='bbox 1175 2516 1264 2556; x_wconf 79' lang='lat' dir='ltr'><strong>dicit</strong></span> <span class='ocrx_word' id='word_1_340' title='bbox 1275 2517 1310 2567; x_wconf 78' lang='lat'><strong>1).</strong></span> 
     </span>
    </p>
   </div>
  </div>
 </body>
</html>
