1836 2828
779 127 1050 167 —19—

225 255 446 294 Subiectum
485 254 547 293 hie
584 256 783 295 subaudiri
824 268 902 296 non
944 269 1029 298 esse
1070 269 1246 306 necesse,
1290 257 1466 306 exempla
1505 268 1618 294 usum

223 325 333 363 verbi
374 318 463 362 ’δέειν
505 328 543 363 et
584 319 711 364 ἐνδέειν
751 327 982 367 illustrantia
1024 327 1310 375 demonstrant3
1352 327 1443 365 nolo
1486 330 1617 365 tamen

224 394 397 442 infitiari,
436 395 533 435 bene
560 396 676 435 etiam
714 397 953 444 Kruegerum
990 398 1041 446 (a.
1071 397 1107 435 h.
1136 398 1173 446 l.)
1213 401 1249 437 et
1288 396 1620 447 Pape-Sengebu-

224 464 375 504 schium
403 465 447 513 (s.
477 465 528 513 v.)
558 477 606 504 ex
634 477 749 504 versu
777 470 917 506 octavo
945 479 1030 516 cap.
1061 468 1113 505 82
1142 468 1357 507 subiectum
1385 467 1428 505 τὸ
1454 466 1619 504 ναυτικόν

224 535 471 585 supplevisse,
500 539 545 573 ut
571 536 731 584 legimus
762 537 789 574 11
817 537 853 586 7,
885 537 936 576 10
962 538 985 590 ἡ
1014 536 1078 589 μὲν
1105 537 1174 590 γὰρ
1204 532 1313 588 (ὁδὸς)
1343 538 1376 581 ἐς
1402 536 1517 575 Πῖσαν
1539 567 1546 574 .
1571 567 1579 575 .
1606 566 1614 574 .

223 599 378 643 καταδεῖ
400 599 661 644 πεντεκαίδεκα
688 600 853 644 σταδίων.
883 608 925 646 In
943 608 1011 648 tali
1030 609 1254 657 quaestione
1282 608 1517 649 absolvenda
1544 609 1617 648 sub

223 676 349 717 iudice
375 676 421 717 lis
449 677 533 717 erit.

353 748 397 800 d)
426 749 571 801 ἀποχρᾷ
597 768 639 779 =
669 745 826 801 ἑξαρκέει
854 749 1110 787 construitur:
1139 748 1178 799 α)
1208 749 1324 788 semel
1352 753 1504 788 tantum
1529 762 1617 788 eum

223 819 355 869 dativo
383 830 575 868 personae
611 822 649 859 et
687 819 764 858 dat.
796 819 985 868 participii
1020 819 1121 868 (sine
1148 819 1322 858 subiecto
1350 820 1618 870 grammatico)

221 888 287 929 Vll
319 889 406 934 148,
436 888 489 928 25
518 886 601 927 ἀλλ’
620 889 715 942 ὅμως
743 889 835 942 σφίσι
865 889 1028 942 ἀποχρᾶν
1056 889 1154 926 κατὰ
1181 889 1225 927 τὸ
1253 888 1359 942 ἥμισυ
1387 888 1618 942 ἡγεομένοισι.

222 961 276 1001 De
304 960 417 1000 simili
445 972 518 1000 usu
547 960 661 1000 huius
690 961 798 1000 verbi
825 960 931 1012 apud
959 960 1056 1000 alios
1084 960 1292 1010 scriptores
1328 960 1374 999 cf.
1406 961 1449 999 R.
1478 959 1617 1010 Sharp.

222 1031 277 1071 De
306 1031 373 1070 inf.
402 1030 542 1070 Herod.
572 1043 606 1081 p.
636 1033 674 1070 4.
714 1030 752 1082 β)
781 1043 870 1070 cum
899 1031 983 1071 inf.:
1021 1031 1035 1069 I
1064 1031 1139 1083 66,
1178 1031 1204 1070 5
1232 1031 1293 1068 md
1321 1024 1365 1083 δή
1404 1043 1463 1083 σφι
1500 1030 1620 1069 οὐκέτι

223 1100 367 1155 ἀπέχρα
404 1101 555 1154 ἡσυχίην
591 1100 701 1155 ἄγειν,
742 1101 792 1140 Vl
825 1102 913 1152 137,
942 1101 1006 1140 20.
1045 1101 1126 1140 VIII
1158 1102 1245 1151 130,
1284 1102 1342 1141 15.
1381 1102 1432 1141 IX
1462 1101 1525 1151 79,
1558 1102 1618 1140 11.

222 1172 313 1211 Ace.
342 1185 375 1211 c.
407 1172 470 1213 inf.
498 1173 545 1212 111
585 1173 669 1222 138,
713 1173 763 1212 10
802 1173 945 1222 (omisit
981 1173 1056 1213 hoc
1094 1174 1312 1223 exemplum
1351 1172 1490 1223 Sharp.
1520 1172 1543 1212 l.
1572 1173 1619 1221 c.)

397 1305 439 1347 5.
478 1304 726 1348 Enuntiata
756 1317 831 1348 res
859 1305 1118 1349 abstractas
1148 1305 1451 1358 designantia.

354 1409 524 1449 Numero
553 1413 643 1448 sunt
671 1409 1013 1460 frequentissimae,
1043 1410 1091 1450 de
1118 1410 1258 1460 quibus
1287 1422 1391 1449 nune
1418 1410 1531 1449 nobis
1558 1414 1620 1449 est

202 1480 431 1529 agendum,
468 1481 680 1520 sententiae
706 1481 828 1530 iisque
856 1480 1146 1520 conformandis
1182 1481 1397 1520 inserviunt
1429 1481 1507 1520 duo
1535 1493 1618 1520 ver-

220 1551 359 1588 borum
388 1561 549 1598 genera;
586 1551 639 1599 A)
669 1551 846 1603 γίνεσθαι,
876 1554 984 1604 ἔχειν,
1014 1549 1110 1589 εἶναι.
1150 1551 1204 1601 Β)
1233 1538 1445 1602 ἀποβαίνειν,
1476 1551 1619 1589 ἀπικνέ-

220 1618 341 1672 εσθαι,
370 1624 608 1674 καταστῆναι,
639 1618 813 1674 πρήσσειν,
841 1620 1066 1675 προχωρέειν,
1096 1620 1254 1675 χωρέειν.

888 1729 938 1768 Α.

352 1816 389 1863 1)
419 1812 589 1853 Γίνεσὲαι
617 1815 773 1855 notione
806 1816 933 1855 »fieri«
958 1820 1188 1866 usurpatum
1217 1817 1290 1856 has
1318 1817 1387 1855 init
1413 1820 1615 1856 construc-

217 1885 358 1925 tiones:
396 1886 438 1935 a)
476 1885 576 1924 Cum
604 1886 762 1924 adverb.
792 1885 888 1923 οὕτω
917 1886 1091 1925 iunctum
1129 1891 1286 1926 revocat
1324 1887 1436 1926 nobis
1464 1887 1506 1925 in
1535 1899 1614 1926 me-

218 1956 384 1994 moriam
412 1960 547 1994 notam
575 1957 772 2004 quandam
801 1968 902 2004 rem;
942 1969 1029 1995 eum
1058 1951 1129 1994 ὧδε
1157 1957 1379 2005 copulatum
1409 1958 1612 2005 praeconis
1649 1945 1651 1949 ’

219 2027 343 2065 instar
371 2026 515 2065 indicat
539 2038 696 2065 cursum
731 2027 903 2065 actionis.
952 2028 994 2065 In
1022 2027 1299 2076 locutionibus,
1339 2028 1478 2077 quibus
1507 2028 1614 2067 deest

219 2096 456 2134 subiectum:
496 2096 592 2133 οὕτω
622 2090 725 2147 (ὧδε)
755 2097 890 2149 γίνεται
918 2097 1149 2136 observatur
1178 2108 1271 2146 prae
1299 2097 1434 2136 ceteris
1462 2098 1612 2146 modus,

216 2178 293 2216 quo
322 2178 384 2207 res
412 2166 550 2214 agitur.
601 2166 642 2205 Si
670 2167 770 2207 ratio
798 2166 964 2207 habetur
992 2168 1075 2208 eius
1103 2167 1363 2217 potissimum,
1401 2162 1511 2217 quod
1533 2167 1613 2215 agi-

216 2240 290 2286 tur,
318 2240 426 2276 certa
456 2237 726 2276 desiderantur
754 2238 945 2276 subiecta:
975 2243 1106 2285 ταῦτα,
1135 2232 1226 2275 τάδε
1254 2251 1313 2290 γ.;
1341 2243 1461 2275 ταῦτα
1490 2232 1611 2289 (τάδε)

218 2307 314 2345 οὕτω
351 2301 453 2359 (ὧδε)
483 2321 519 2360 γ.
570 2309 727 2347 Praeter
754 2308 857 2347 hunc
886 2308 1107 2362 absolutum
1137 2321 1250 2347 usum
1280 2309 1497 2348 adnectitur
1526 2309 1612 2347 voci

215 2378 381 2431 γίνεσθαι
418 2389 585 2428 persona
622 2382 691 2416 aut
729 2390 802 2417 res.
862 2380 1031 2418 Persona
1071 2379 1185 2417 modo
1222 2379 1375 2428 ponitur
1402 2380 1441 2416 in
1470 2379 1612 2428 dativo,

215 2448 332 2487 modo
361 2448 689 2488 circumscribitur
716 2460 811 2489 casu
840 2449 996 2499 obliquo
1016 2453 1053 2489 et
1071 2449 1372 2499 praepositione;
1401 2461 1462 2490 res
1482 2453 1612 2489 autem

214 2519 254 2557 in
282 2518 387 2557 hune
414 2519 667 2569 posteriorem
699 2520 857 2559 modum
888 2523 1037 2560 tantum
1068 2519 1302 2570 exprimit-ur.
