1836 2828
813 74 1061 114 -3-

228 200 423 252 inquisivit
451 206 487 241 et
516 202 566 240 ad
604 202 873 243 stabiliendam
912 204 1103 243 theoriam
1139 204 1425 241 enuntiatorum
1455 201 1628 241 subiecto

228 273 442 312 carentium
455 305 464 320 ,
508 274 626 312 firmis
663 275 899 322 argumentis
941 275 1224 324 praecipueque
1265 284 1477 322 permagna
1514 273 1627 322 copia

227 343 492 392 exemplorum
512 344 685 394 adiutus,
706 344 839 394 procul
859 344 979 383 dubio
999 344 1206 394 plurimum
1226 343 1396 382 contulit.
1426 342 1625 390 Quantum

227 418 356 453 autem
385 415 578 454 tribuatur
608 415 697 454 huic
724 416 851 456 libello
881 416 953 455 viri
981 415 1210 464 doctissimi,
1239 427 1328 453 cum
1357 426 1406 453 ex
1434 414 1625 462 gravitate

225 485 346 534 ipsius
374 485 610 535 quaestionis
638 489 760 536 patet,
797 489 880 525 tum
908 486 1078 526 maxime
1105 485 1228 525 elucet
1256 496 1304 524 ex
1332 484 1483 534 iudicio,
1519 484 1623 534 quod

227 556 275 595 de
310 555 444 595 eodem
486 556 655 596 tulerunt
692 556 835 606 Benfey
872 557 895 595 l.
926 570 979 606 c.,
1016 557 1153 596 Bonitz
1192 557 1246 604 (Z.
1284 556 1308 594 f.
1348 559 1382 594 ὃ.
1423 557 1469 596 G.
1507 556 1623 605 1866,

227 626 415 675 744-8),
435 625 623 665 Techmer
643 627 795 675 (Intern.
812 626 995 666 Zeitschr.
1012 626 1035 665 f.
1052 627 1168 674 vergl.
1186 625 1385 676 SprachW.
1402 625 1621 676 1472—3)·

226 695 457 734 Conferatur
485 699 686 745 praeterea
723 696 902 746 Huemer‚
940 698 980 735 Z.
1010 697 1035 735 f.
1065 701 1101 734 ὃ.
1132 698 1176 735 G.
1210 697 1331 744 1884,
1372 708 1408 745 p.
1439 697 1518 735 893
1547 708 1618 748 sq„

226 767 265 805 B.
304 766 513 806 Delbriick:
553 767 694 805 Altind.
725 767 895 817 Syntax,
934 768 1043 807 Halle
1084 769 1186 808 1888
1217 780 1250 816 p.
1281 767 1306 806 3
1335 779 1411 816 sq:
1447 779 1511 806 »es
1552 762 1646 806 hat⁴

224 837 277 875 im
306 837 382 884 Idg.
414 837 582 885 gegeben
611 837 690 876 und
725 838 828 886 giebt
865 849 906 877 es
945 838 997 876 im
1026 838 1168 876 Altind.
1202 837 1621 887 Verbalausserungen,

224 907 370 947 welche
409 908 642 947 wirklich
686 908 760 947 als
802 909 1093 957 subjectlos
1131 908 1294 956 gedacht
1321 908 1429 947 sind«
1469 912 1542 947 etc.
1583 912 1622 948 et

224 977 404 1016 Schmalz
442 978 481 1016 in
519 978 674 1027 syntaxi
710 978 830 1017 latina
869 979 1032 1028 (Handb.
1064 979 1101 1017 d.
1131 978 1178 1017 kl.
1207 978 1540 1017 Alt.-Wissensch.
1570 978 1620 1016 ΙΙ2

225 1061 262 1098 p.
293 1049 372 1088 397
401 1050 474 1098 sq.)
504 1049 622 1088 Cuius
651 1050 932 1089 dissertationis
960 1062 1154 1089 summam
1181 1050 1408 1089 brevissime
1432 1061 1622 1099 proposu-

223 1118 324 1156 imus
359 1119 466 1157 initio
506 1119 620 1157 huius
658 1120 793 1169 capitis
822 1122 860 1158 et
888 1119 1050 1159 libenter
1083 1119 1278 1169 libereque
1305 1119 1542 1169 profitemur,
1581 1119 1621 1157 in

226 1189 562 1229 dissertatiuncula
597 1189 672 1228 hac
709 1189 757 1229 de
784 1190 992 1229 enuntiatis
1022 1190 1196 1229 subiecto
1225 1190 1385 1240 privatis
1413 1189 1519 1239 apud
1547 1189 1621 1229 He-

223 1259 414 1309 rodotum,
444 1272 468 1298 a
497 1260 650 1299 nemine
678 1259 805 1299 adhuc
833 1260 1020 1309 tractatis,
1055 1260 1335 1299 Miklosichium
1364 1271 1517 1310 semper
1543 1260 1623 1300 fere

223 1331 360 1370 ducem
389 1331 500 1369 nobis
530 1331 655 1370 fuisse.
713 1331 822 1378 Quae
851 1343 943 1380 pars
971 1331 1145 1380 syntaxis
1174 1331 1327 1379 linguae
1362 1343 1416 1379 gr.
1447 1331 1620 1369 nondum

223 1405 280 1440 est
309 1401 404 1439 satis
433 1405 470 1440 et
499 1401 695 1449 diligenter
723 1401 887 1451 cognita,
916 1412 1035 1450 quam
1064 1401 1114 1439 ob
1143 1413 1226 1440 rem
1254 1401 1477 1440 etiamnunc
1507 1401 1618 1449 vulgo

224 1475 362 1520 putant
381 1472 453 1509 viri
473 1472 575 1510 docti
594 1483 643 1510 ne
662 1471 901 1510 Miklosichio
921 1472 1076 1520 quidem
1097 1475 1258 1520 excepto
1288 1471 1396 1522 (Sub.
1418 1472 1457 1510 S.
1479 1483 1516 1521 p.
1542 1472 1620 1520 16),

224 1543 393 1580 Graecos
432 1553 569 1591 parum
608 1542 726 1581 fuisse
763 1553 976 1591 propensos
1015 1542 1065 1581 ad
1094 1542 1306 1581 locutiones
1336 1542 1419 1581 sine
1446 1542 1621 1581 subiecto

220 1612 480 1661 usurpandas.
538 1613 613 1651 Sed
653 1624 812 1661 prorsus
841 1613 951 1651 aliter
978 1623 1041 1651 res
1069 1624 1112 1651 se
1139 1612 1256 1651 habet
1271 1625 1287 1659 ;-
1319 1624 1411 1650 nam
1439 1613 1473 1650 si
1500 1612 1621 1661 ipsius

220 1682 405 1722 Herodoti
440 1682 558 1722 libros
598 1687 780 1722 accurate
819 1682 1112 1732 perlustraveris
1125 1714 1134 1732 ,
1176 1694 1406 1733 persuasum
1443 1682 1619 1732 habebis,

220 1765 438 1792 sermonem
467 1754 549 1792 eius
578 1754 734 1793 minime
767 1754 1019 1803 perpolitum,
1057 1754 1269 1803 simplicem
1307 1754 1617 1792 enuntiationum

218 1827 454 1863 structuram
484 1824 764 1874 manifestaque
790 1824 972 1864 cotidiani
1000 1825 1149 1873 generis
1168 1822 1320 1863 dicendi
1345 1824 1506 1872 vestigia
1524 1836 1619 1874 prae

221 1906 263 1933 se
292 1894 496 1944 ferentem,
535 1894 690 1943 plenum
720 1906 816 1944 esse,
845 1906 894 1934 ne
923 1895 1047 1933 dicam
1077 1898 1235 1944 scatere,
1266 1895 1499 1944 praedicatis
1528 1894 1622 1933 nulli

220 1965 395 2005 subiecto
424 1965 615 2004 adiunctis
641 1965 691 2015 id,
720 1966 823 2015 quod
843 1969 957 2006 acute
985 1965 1237 2015 praevidebat
1265 1965 1414 2005 Vahlen
1443 1966 1620 2015 (Hermes

220 2035 318 2084 XIV,
357 2036 462 2086 210).
519 2036 645 2085 Atque
673 2036 777 2086 quod
805 2036 1048 2086 potissimum
1075 2036 1259 2075 Herodoti
1288 2047 1505 2076 sermonem
1535 2048 1619 2075 am-

218 2106 353 2155 plexus
395 2118 501 2150 sum,
556 2118 670 2155 quem
713 2106 958 2156 indagarem,
1010 2106 1048 2145 id
1091 2106 1212 2145 debeo
1262 2106 1475 2145 Professori
1516 2106 1617 2151 Mu,

219 2177 435 2225 lsxnzvom,
483 2176 531 2216 de
560 2188 622 2216 me
650 2177 794 2226 optime
823 2177 970 2226 merito,
1017 2177 1080 2215 cui
1117 2188 1187 2226 pro
1233 2177 1388 2215 monitis
1431 2188 1617 2226 praecep-

220 2246 347 2296 tisque
384 2250 576 2299 occupato
613 2246 708 2286 mihi
745 2247 784 2286 in
821 2247 897 2286 hoc
925 2247 1052 2286 studio
1080 2247 1179 2286 datis
1207 2246 1453 2296 amplissimis
1490 2248 1620 2286 verbis

216 2317 361 2365 gratias
389 2329 483 2367 ag0;
521 2318 804 2369 gratissimique
840 2318 959 2358 animi
999 2318 1273 2358 documentum
1312 2318 1416 2357 hanc
1443 2318 1617 2369 disputa-

221 2388 431 2428 tiunculam
460 2400 546 2429 esse
574 2389 705 2429 velim.
