1836 2828
790 114 1062 153 -28-

224 244 249 279 3
273 243 370 279 οὕτω
398 243 442 279 τὸ
471 243 555 293 ἐμὸν
586 246 673 293 ἔχει,
705 242 769 278 VII
794 241 881 288 132,
911 241 998 293 6τὸ
1019 236 1058 277 δὲ
1086 241 1200 292 ὅρκιον
1229 236 1301 279 ὧδε
1330 240 1419 293 εἶχε,
1454 242 1515 279 VII
1535 243 1625 284 216,

230 311 247 348 1
281 313 356 363 ἔχει
386 303 426 348 δὲ
456 303 528 348 ὧδε
556 311 578 362 ἠ
609 309 767 363 ἀτραπὸς
795 309 900 362 αὕτη.

355 397 391 443 c)
428 399 476 437 ὡς
515 398 592 445 ἔχει
626 398 692 432 »ut
720 406 782 432 res
811 406 854 432 se
881 395 1051 432 habet‹:
1091 394 1131 442 α)
1169 395 1348 432 absolute
1374 395 1455 432 VIII
1490 396 1562 442 80,
1600 397 1625 432 9

225 462 323 500 ἀλλά
351 475 411 516 σφι
439 460 595 515 σήμηνον
625 461 731 506 αὐτὸς
758 461 957 515 παρελθὼν
976 464 1024 506 ὡς
1044 464 1132 514 ἔχει,
1163 462 1200 511 β)
1229 474 1419 512 personae
1438 463 1538 502 ratio
1557 463 1627 502 ha-

226 534 340 572 betur
367 533 396 571 ll
430 533 497 581 14,
526 532 551 570 3
570 523 641 569 'mea
669 533 806 569 αὐτοῖσι
837 529 1057 584 Αἰγυπτίοισι
1085 535 1134 575 ὡς
1162 535 1238 584 ἔχει
1265 530 1399 585 φράσω,
1429 532 1479 570 VI
1511 533 1572 581 16,
1600 534 1625 571 9

224 602 309 639 οὔτε
337 601 603 654 προακηκοότες
631 604 678 644 ὡς
707 598 784 652 εἶχε
811 601 892 653 περὶ
919 606 994 637 τῶν
1022 599 1134 638 Χίων.
1179 601 1264 639 Huc
1291 604 1442 649 spectat
1468 601 1534 639 VII
1562 602 1626 650 8Υ,

230 671 384 710 10—11
418 668 649 722 πυνὲάνομαι
677 669 747 723 γὰρ
776 663 848 708 ὧδε
877 672 983 722 ἔχειν,
1013 670 1098 708 οὔτε
1125 669 1206 708 τινὰ
1233 670 1335 708 πόλιν
1363 664 1498 723 ἀνδρῶν
1526 664 1627 708 οὐδε-

227 742 309 793 μίαν
338 740 422 777 οὔτε
452 739 557 783 ἔθνος
585 733 686 777 οὐδὲν
716 739 920 792 ἀνθρώπων
949 739 1210 778 ὑπολείπεσθαι
1239 740 1312 789 (inf
1349 742 1531 789 epexeg.)
1567 740 1625 779 Cf.

224 812 269 849 Ill
302 811 390 858 118,
419 810 539 848 5—6.
569 810 604 847 V
633 810 698 857 95,
736 810 794 848 11.
825 810 874 848 VI
907 810 995 856 111,
1023 810 1142 848 4-5.
1174 809 1271 848 Cum
1302 810 1476 849 subiecto
1505 810 1534 848 ΙΙ
1560 810 1625 856 30,

227 881 276 919 13
306 880 404 918 κατὰ
431 879 553 917 ταύτὰ
582 882 617 917 αἱ
645 880 803 932 φυλακαὶ
832 882 952 932 ἔχουσι
983 882 1030 924 ὡς
1055 880 1115 918 καὶ
1144 880 1201 917 ἐπὶ
1232 878 1484 932 “Ι”αμμ.ητίχου
1520 876 1622 933 ἦσαν.

224 951 305 988 VIII
343 951 416 997 56,
457 950 481 987 2
511 950 557 992 ὥς
592 961 651 1001 σφι
690 947 880 1001 ὲξγγέλθη
924 952 971 992 ὡς
1011 952 1093 996 ἔσχε
1134 949 1183 986 τοὶ
1220 950 1297 1001 περὶ
1324 947 1391 1001 τὴν
1421 947 1626 1001 Ἀθηναίων

226 1018 427 1071 ἀκρόπολιν.

823 1166 860 1204 3.
919 1162 1030 1204 Εἶναι.

358 1268 530 1306 Verbum
557 1268 644 1315 hoe,
674 1268 785 1306 cuius
814 1268 1040 1315 significatio
1068 1268 1279 1306 admodum
1308 1268 1385 1306 late
1412 1271 1530 1317 patet,
1559 1280 1625 1307 ex-

227 1337 356 1387 pr'mit
399 1337 505 1387 apud
548 1337 788 1377 Herodotum
831 1337 871 1375 in
913 1337 1027 1376 certis
1071 1337 1303 1387 quibusdam
1345 1338 1624 1377 locutionibus:

226 1408 269 1457 a)
298 1411 444 1446 statum
473 1419 614 1456 rerum,
644 1419 797 1456 synom.
827 1411 922 1459 ἔχειν
941 1408 988 1445 cf.
1010 1408 1122 1456 1130,
1155 1408 1204 1445 13
1232 1407 1331 1445 κατὰ
1358 1408 1478 1445 ταύτὰ
1507 1411 1543 1444 αἱ
1561 1421 1626 1460 φυ-

226 1478 337 1515 λακαὶ
366 1479 534 1531 ἔχουσι
563 1480 610 1522 ὡς
638 1478 699 1516 καὶ
727 1477 785 1516 ἐπὶ
804 1475 1061 1531 Ψαμμητίχου
1089 1482 1226 1531 ῆσαν;
1255 1477 1294 1529 b)
1323 1478 1511 1518 rationem
1531 1481 1626 1518 teln-

226 1549 332 1597 porjs
362 1549 466 1597 (curn
495 1548 654 1586 adverb.
684 1547 804 1600 πρόσω
833 1548 1033 1598 iunctum).

358 1634 401 1686 a)
438 1634 468 1674 II
497 1635 565 1686 50,
606 1635 690 1674 2——
707 1635 731 1674 3
770 1627 859 1674 διότι
887 1634 951 1690 μὲν
979 1635 1049 1691 γὰρ
1078 1635 1120 1675 ὲκ
1146 1641 1220 1676 τῶν
1247 1635 1326 1691 ἥκει
1359 1635 1626 1691 πυνθανόμενος

228 1708 325 1746 οὕτω
354 1709 503 1762 εὑρίσκω
532 1708 599 1746 ἐόν.
630 1709 674 1746 ΙΙΙ
704 1709 774 1757 62,
815 1709 989 1747 15-17
1020 1712 1050 1746 εἰ
1077 1709 1141 1762 μέν
1170 1724 1228 1746 νυν
1256 1711 1288 1746 οἱ
1314 1710 1519 1753 τεθνεῶτες
1548 1710 1627 1746 ἀνε-

227 1784 342 1829 στᾶσι,
381 1772 575 1834 προσδέκεό
602 1793 658 1818 τοι
694 1780 755 1818 καὶ
784 1777 991 1835 Ἀστυάγεα
1018 1779 1081 1819 τὸν
1111 1773 1238 1835 Μῆδον
1267 1777 1585 1835 ἐπαναστήσεσθαι
1615 1792 1623 1800 ·

228 1855 258 1890 εἰ
296 1845 327 1890 δ’
357 1855 431 1890 ἔστι
460 1852 507 1897 ὥς
538 1866 603 1906 περ
631 1853 697 1906 πρὸ
726 1858 791 1891 τοῦ
819 1855 897 1892 κτὲ.
933 1854 988 1892 »si
1016 1854 1069 1893 ita
1099 1857 1177 1903 est,
1216 1857 1259 1892 ut
1287 1853 1415 1892 adhuc
1443 1853 1535 1892 fuit«
1579 1853 1627 1903 (Si

228 1923 371 1962 mortui
407 1934 488 1962 non
525 1924 758 1974 resurgunt).
808 1923 842 1963 V
878 1923 950 1975 22,
989 1924 1013 1963 7
1043 1923 1140 1962 οὕτω
1179 1927 1338 1978 ἔγνωσαν
1375 1920 1460 1963 εἶναι
1499 1923 1560 1975 (cf.
1589 1936 1625 1964 v,

230 1995 366 2045 3—4).
395 1995 720 2045 Impersonaliter.
750 1995 877 2035 Unum
897 1996 1114 2046 exemplum
1134 1996 1266 2046 affero,
1296 1996 1400 2046 quod
1423 1995 1625 2036 Heilmann

227 2070 265 2105 et
284 2065 412 2116 Sharp
431 2067 665 2106 omiserunt:
694 2066 760 2105 VII
779 2066 870 2116 229,
902 2066 1061 2105 14—16
1080 2069 1110 2105 εἰ
1128 2065 1192 2120 μέν
1220 2081 1280 2105 νυν
1308 2062 1359 2120 ἦν
1387 2072 1513 2120 μοῦνον
1535 2065 1627 2120 Ἀρι-

227 2131 408 2192 στόὸημον
437 2136 651 2191 ἀλγήσαντα
685 2139 926 2192 ἀπονοστῆσαι
955 2139 988 2183 ἐς
1016 2136 1196 2192 Σπάρτην,
1236 2136 1259 2192 ἢ
1287 2139 1349 2177 καὶ
1384 2141 1473 2192 ὁμοῦ
1510 2151 1626 2192 σφεων

228 2209 439 2263 ἀμφοτέρων
467 2207 533 2262 τὴν
561 2203 711 2263 κομιδὴν
739 2209 925 2263 γενέσθαι.
983 2210 1041 2250 Ne
1068 2210 1190 2249 hilum
1227 2210 1383 2260 quidem
1408 2210 1542 2249 dubito
1570 2210 1628 2249 in-

228 2281 383 2321 solitum
411 2293 526 2321 usum
555 2281 665 2322 verbi
692 2277 734 2335 ἧν
764 2283 868 2332 (cum
896 2294 978 2322 acc.
1005 2295 1037 2322 c.
1054 2281 1147 2332 inf.),
1175 2285 1310 2332 utpote
1338 2281 1413 2322 fide
1439 2281 1627 2321 librorum

228 2352 444 2401 firmatum,
484 2352 649 2391 retinere
677 2356 816 2391 contra
845 2353 1033 2392 SteinIum
1062 2352 1202 2402 dicens,
1231 2353 1297 2403 qui
1324 2348 1367 2406 ἧν
1395 2352 1560 2391 mutavit
1587 2352 1626 2391 in

228 2421 263 2477 ἥ.
294 2423 335 2463 In
364 2423 432 2463 tali
451 2435 492 2464 re
511 2436 591 2464 non
619 2423 742 2474 video,
773 2437 844 2464 cur
872 2425 1093 2476 antiquetur
1120 2425 1182 2465 lex
1208 2424 1271 2465 illa
1299 2436 1419 2464 aurea
1447 2424 1628 2465 Griesba—

229 2494 389 2532 chiana!
432 2494 531 2532 Cum
559 2495 756 2533 subIecto:
788 2496 801 2532 I
830 2496 894 2544 78,
926 2495 975 2533 15
1004 2488 1105 2532 οὐδέν
1135 2508 1188 2532 κω
1218 2489 1350 2539 εἰδότες
1377 2499 1451 2531 τῶν
1479 2490 1522 2547 ἦν
1549 2495 1627 2548 περὶ
