1836 2828
801 83 1045 124 ...5-

789 276 966 319 PARS
1007 277 1060 316 II.

358 368 566 408 Enuntiata
594 370 678 408 sine
706 370 890 422 subiecto,
918 380 1020 418 quae
1046 370 1295 408 inveniuntur
1322 367 1427 417 apud
1451 366 1625 405 Herodo-

228 442 322 490 tum,
351 439 555 478 dividimus
582 439 623 478 in
651 441 682 481 4*
706 439 903 488 generales
931 443 1080 489 partes:
1109 440 1135 478 Ι.
1165 438 1374 478 Enuntiata
1392 449 1482 477 cum
1502 436 1624 476 verbo

228 509 367 548 activo.
397 510 438 547 Π.
464 510 672 548 Enuntiata
700 522 789 548 cum
817 511 937 549 verbo
966 510 1133 559 passivo.
1163 510 1220 547 111.
1241 509 1449 547 Enuntiata
1477 519 1524 546 ex
1552 518 1623 544 no-

229 579 332 618 mine
359 583 397 619 et
424 579 546 619 verbo
577 566 822 619 substantivo
850 581 1079 619 constantia.
1114 579 1176 618 lV.
1207 578 1411 628 Participia
1440 577 1622 617 destituta

228 650 402 688 subiecto
430 650 469 687 in
498 650 673 699 casibus,
702 651 767 699 qui
794 651 982 699 dicuntur,
1011 650 1208 699 absolutis,
1237 649 1413 696 genetivo
1441 653 1479 687 et
1508 660 1622 686 accu-

227 719 353 759 sativo
382 720 516 770 posita.
546 721 751 760 Rationem
781 721 1010 761 habebimus
1038 721 1154 760 etiam
1176 721 1451 770 exemplorum,
1480 720 1518 757 in
1538 719 1622 768 qui-

227 791 302 829 bus
329 791 429 829 idem
459 791 623 829 verbum
657 791 776 829 modo
803 791 1099 840 impersonalem
1136 791 1251 830 efficit
1286 790 1622 840 constructionem,

228 860 346 900 modo
375 872 464 899 cum
494 865 600 900 certo
629 862 802 900 subiecto
830 866 1052 913 usurpatur,
1094 861 1191 901 haec
1218 861 1318 900 enim
1347 861 1470 899 lucem
1500 871 1616 908 quan-

230 930 322 969 dam
352 920 526 970 afferunt'
547 935 712 971 naturae
739 932 1048 981 praedicatorum
1061 963 1070 981 ‚
1107 943 1207 982 quae
1234 935 1341 971 certo
1369 934 1503 970 carent
1531 929 1620 968 sub-

228 1002 328 1041 iecto
357 1003 410 1051 (v.
441 1002 605 1042 Vahleni
633 1003 722 1041 adn.
752 1003 776 1041 l.
806 1005 864 1053 c.).

447 1185 473 1234 1.
497 1186 682 1235 Enuntiata
705 1186 858 1236 subiecto
881 1187 1033 1236 carentia
1054 1198 1131 1236 cum
1153 1186 1258 1235 verbo
1281 1187 1404 1235 activo.

278 1280 315 1321 1.
345 1279 594 1323 Enuntiata
623 1280 827 1324 actiones
858 1280 904 1323 in
935 1293 1089 1324 rerum
1118 1283 1285 1340 natura
1313 1280 1584 1334 conspicuas

781 1347 1085 1400 designantia.

356 1441 395 1489 a)
433 1440 484 1478 ὕει
512 1441 526 1478 Ι
555 1441 618 1489 87,
648 1441 672 1479 9
703 1440 881 1494 (λέγεται)
910 1437 990 1479 ῧσοιι
1018 1425 1121 1479 {Ram
1148 1440 1382 1495 λαβροτάτῳ,
1412 1442 1441 1479 ll
1471 1441 1543 1490 22,
1575 1441 1624 1479 13

227 1509 370 1563 ἀνάγκη
401 1511 476 1548 ἐστὶ
505 1505 584 1548 ὗσαι
604 1511 640 1548 ἐν
659 1511 768 1549 πέντε
796 1511 955 1565 ἡμέρῃσι,
985 1512 1035 1550 1V
1055 1512 1118 1561 50,
1153 1513 1201 1550 15
1222 1511 1272 1549 ὕει
1291 1511 1360 1565 γὰρ
1381 1505 1425 1566 δὴ
1443 1511 1487 1548 τὰ
1506 1510 1623 1564 θέρος,

226 1580 317 1618 ibid.
342 1580 430 1628 151,
460 1580 483 1618 2
504 1582 570 1618 οὐκ
598 1576 637 1618 ὗε
665 1579 732 1633 τὴν
771 1580 895 1634 Θήρην
923 1586 962 1620 et
987 1582 1070 1630 185,
1100 1583 1124 1621 9
1145 1585 1174 1620 εἰ
1194 1577 1244 1619 ὗε.
1275 1582 1460 1621 Memoria
1489 1581 1625 1628 dignus

226 1655 284 1690 est
313 1663 408 1689 usus
437 1651 544 1690 verbi
574 1650 644 1689 ὕειν
674 1652 719 1690 ΙΙΙ
749 1652 836 1702 125,
869 1652 1025 1692 15-17
1057 1651 1295 1706 Πολυκράτης
1315 1645 1354 1690 δὲ
1379 1650 1628 1705 ἀνακρεμάμε-

226 1735 282 1765 νος
310 1721 482 1760 ἐπετέλεε
504 1717 506 1721 ’
525 1726 644 1759 πᾶσαν
677 1720 744 1775 τὴν
771 1720 848 1776 ὂψιν
874 1727 940 1776 τῆς
967 1724 1151 1777 θυγατρός
1182 1736 1190 1743 ·
1230 1723 1356 1761 ἐλοῦτο
1387 1753 1395 1760 .
1428 1753 1436 1760 .
1466 1722 1534 1760 ὑπὸ
1561 1727 1627 1759 τοῦ

226 1791 307 1837 Διὸς
335 1792 428 1837 ὅκως
457 1791 511 1830 ὕοι
539 1795 617 1832 κτὲ.
632 1825 641 1842 ,
671 1806 748 1844 quo
776 1794 861 1834 loco
880 1795 1008 1835 verbis
1026 1807 1210 1845 expressa
1229 1799 1318 1833 sunt
1338 1799 1374 1834 et
1393 1794 1626 1833 conscientia

225 1864 396 1902 auctoris
424 1863 686 1912 phaenomeni
716 1868 754 1903 et
781 1866 907 1914 ipsum
936 1865 1233 1915 phaenomenon
1253 1865 1302 1903 ad
1323 1876 1481 1903 causam
1511 1875 1626 1912 agen-

224 1937 302 1973 tem
331 1944 410 1972 non
440 1920 622 1973 relatum.
681 1935 840 1974 Duobus
877 1939 1077 1985 praeterea
1115 1936 1208 1975 locis
1245 1936 1509 1975 existimamus
1547 1939 1625 1973 sta-

223 2003 410 2043 tuendum
440 2004 611 2042 verbum
640 2004 710 2042 ὖειν
738 2006 820 2044 sine
848 2006 1021 2045 subiecto
1049 2006 1286 2045 Herodotum
1317 2016 1545 2055 usurpasse:
1577 2004 1626 2042 lV

225 2073 301 2124 28,
343 2073 392 2112 13
429 2071 496 2126 τὴν
534 2073 597 2126 μὲν
635 2076 764 2129 ὡραίην
792 2077 858 2114 οὐκ.
887 2076 938 2115 ὕει
965 2076 1076 2130 λόγου
1105 2074 1199 2126 ἄξιον
1227 2070 1339 2124 οὐδέν,
1378 2076 1421 2114 τὸ
1450 2069 1489 2113 δὲ
1517 2075 1624 2128 ,θέρος

223 2139 325 2181 θῦον
341 2144 373 2195 ¹)
412 2146 478 2181 οὐκ.
517 2145 607 2182 ἀνιεῖ
631 2149 669 2184 et
697 2147 725 2184 Il
756 2147 828 2196 22,
875 2148 921 2186 14
949 2151 980 2185 εἰ
1008 2147 1177 2200 ἐχιόνιζε,
1216 2143 1279 2185 ’ἓῧε
1295 2148 1326 2197 ¹)
1356 2145 1399 2184 ἂν
1426 2151 1545 2183 ταῦτα
1572 2146 1622 2182 τὰ

224 2214 350 2267 χωρία.

304 2363 327 2405 ¹)
350 2363 392 2396 lv
414 2363 475 2404 28,
508 2363 549 2395 13
563 2387 570 2394 .
585 2389 615 2395 ..
639 2361 673 2393 rb
696 2361 727 2393 δὲ
748 2360 838 2403 θέρος
859 2361 931 2403 ὕων]
954 2361 1007 2392 οὐκ
1029 2359 1116 2399 ἀνιεῖ,
1147 2361 1194 2394 ita
1217 2361 1272 2393 hic
1295 2361 1390 2393 locus
1414 2361 1450 2392 in
1473 2361 1567 2392 libris
1591 2364 1622 2393 et

353 2421 592 2464 manuscriptis
604 2425 637 2455 et
649 2421 747 2455 editis
763 2430 855 2453 nunc
869 2423 1063 2453 constanter
1079 2421 1199 2462 legitur
1213 2420 1445 2453 consentiente
1461 2420 1500 2452 Η.
1517 2419 1622 2452 Muel-

353 2481 442 2520 lero,
473 2481 522 2514 De
552 2481 643 2514 verb.
675 2481 754 2523 imp.
786 2491 817 2523 p.
841 2480 884 2514 28
913 2479 989 2513 adn.
1023 2480 1084 2513 101
1116 2483 1149 2513 et
1175 2480 1337 2520 Vahleno,
1369 2479 1510 2512 Hermes
1546 2479 1618 2512 XIV
