1836 2828
795 97 1034 164 49-

221 252 350 291 πολλοὶ
377 250 553 304 ἐπέβησαν
581 251 639 289 ἐπὶ
663 250 730 295 τοὶς
757 256 839 295 ναῦς
866 254 938 289 κτλ
989 252 1046 291 Cf.
1075 253 1227 304 Betant,
1256 252 1349 292 Lex.
1380 251 1554 302 Thucyd.
1584 264 1615 290 s.

221 334 259 361 v.
289 325 327 362 et
357 321 447 361 adn.
486 320 659 361 Classeni
685 334 722 362 a.
751 321 789 362 h.
816 323 840 362 l.
883 323 1010 374 Minus
1038 323 1288 373 probabiliter
1316 323 1495 363 videntur
1523 322 1617 362 mihi

223 391 439 441 Schweigh.
469 392 558 431 Lex.
586 404 618 430 s.
649 404 685 431 v.
714 396 773 443 et,
813 393 879 443 qui
914 396 1046 433 tamen
1073 393 1261 444 haesitat,
1305 393 1433 433 Baehr
1460 405 1495 433 a.
1523 394 1561 432 h.
1590 393 1614 431 l.

223 474 313 501 cum
341 462 592 515 χειμαίνεσθαι
620 464 776 511 iungere
803 476 886 503 aec.
915 462 981 516 τὴν
1009 464 1082 502 νέα.
1139 465 1240 504 Nam
1277 465 1364 504 licet
1398 465 1496 505 haec
1524 476 1617 503 eon-

223 532 367 572 iunctio
395 532 676 572 vocabulorum
703 533 878 572 firmetur
906 534 1085 582 analogia
1103 534 1178 573 loci
1196 534 1435 584 Thucydidei
1453 534 1533 573 VIII
1552 535 1616 584 32,

227 603 246 641 1
278 602 545 656 χειμασθεισῶν
571 608 646 640 τῶν
674 608 773 650 νεῶν,
804 603 978 652 displicet
1004 606 1146 653 tamen,
1174 604 1208 642 si
1235 605 1528 653 grammaticam
1556 616 1617 644 re-

223 674 394 723 spexeris
419 674 620 724 rationem,
649 674 776 724 potius
796 674 897 714 enim
916 675 1219 724 exspectaveris:
1247 674 1498 728 χειμαίνεσθαι
1516 674 1616 727 (ἅτε)

223 743 403 798 γέμουσαν
429 742 497 797 τὴν
524 743 598 783 νέα.
611 767 664 772 ———
679 745 808 793 Lange
836 745 970 795 (germ.
999 744 1128 796 vers),
1157 745 1372 794 Schweigh.
1403 746 1518 796 (vers.
1537 746 1617 795 lat.)

223 819 261 854 et
289 815 429 854 Abicht
457 816 636 855 absolute
662 816 745 855 sine
772 816 945 855 subiecto
973 816 1224 868 χειμαίνεσθαι
1251 816 1490 855 Herodotum
1509 816 1618 855 adhi-

223 885 352 925 buisse
379 888 538 938 putant,
581 898 698 927 sensu
726 886 834 926 verbi
871 884 1036 939 χειμάζει
1073 886 1161 938 (jest
1189 887 1333 936 burza,
1370 898 1412 926 es
1440 886 1619 937 wettert).

223 956 299 995 Sed
327 955 430 995 hane
457 956 811 1006 interpretationem
837 957 1050 1006 probaturo
1069 957 1318 996 statuendum
1338 957 1421 1006 erit,
1449 958 1619 996 Graecos

223 1026 358 1065 eadem
397 1026 674 1074 significatione
711 1027 749 1065 et
786 1027 958 1079 χειμαίνει
995 1031 1031 1066 et
1070 1027 1290 1079 χειμαίνεται
1327 1039 1538 1076 usurpasse
1571 1027 1620 1072 id,

222 1096 326 1145 quod
355 1096 406 1134 ab
436 1108 508 1135 usu
536 1108 671 1135 eorum
700 1096 893 1136 abhorret.
925 1096 1054 1136 Verba
1082 1101 1246 1142 naturae
1274 1097 1357 1136 sine
1385 1097 1559 1136 subiecto
1578 1098 1617 1136 in

224 1167 351 1206 activo
371 1171 409 1206 et
432 1168 587 1217 passivo
616 1168 742 1217 posita
769 1168 928 1217 propria
956 1172 1048 1207 sunt
1073 1168 1244 1216 vulgaris
1272 1168 1462 1207 sermonis
1489 1168 1616 1207 latini:

224 1237 322 1277 Cato
349 1250 381 1277 r.
403 1250 433 1276 r.
462 1238 515 1277 88
544 1238 783 1278 nubilabitur
810 1238 952 1289 (Varro
981 1251 1011 1278 r.
1032 1251 1063 1278 r.
1083 1239 1110 1278 Ι.
1136 1239 1195 1289 13,
1215 1240 1240 1279 5
1269 1239 1302 1278 si
1330 1239 1506 1280 nubilare
1533 1250 1621 1280 ooe-

223 1310 302 1358 pit),
332 1309 441 1358 Apul.
471 1309 570 1348 Flor.
592 1309 636 1358 ’2,
665 1322 752 1359 pag.
783 1310 808 1348 2
836 1311 977 1356 Kruegs
1013 1311 1137 1349 »istud
1166 1311 1345 1359 spatium,
1373 1322 1452 1359 qua
1475 1310 1621 1361 pluitur

223 1382 262 1418 et
287 1378 523 1427 ninguiture.
1194 1425 1196 1428 v

354 1450 466 1487 Nune
485 1453 637 1498 oportet
657 1438 831 1488 dicamus
851 1451 899 1489 de
917 1451 1161 1497 gravioribus
1186 1452 1419 1500 quibusdam
1447 1453 1619 1501 proprie-

223 1519 369 1558 tatibus
397 1519 645 1559 laudatorum
674 1533 710 1558 v.
741 1524 915 1560 naturae.

358 1591 394 1639 1)
424 1590 505 1639 ὕειν,
545 1590 706 1643 χιονίζειν
743 1602 823 1630 non
851 1592 984 1631 addito
1011 1593 1185 1632 subiecto
1213 1597 1453 1650 usurpantur
1480 1594 1618 1634 transi-

223 1660 302 1701 tive
328 1673 417 1700 eum
446 1673 574 1700 aecus.
604 1659 697 1712 loci,
727 1674 804 1711 quo
832 1662 929 1712 pluit
956 1663 1143 1711 ningitve:

352 1731 493 1770 Herod.
522 1732 573 1769 lV
606 1732 703 1781 151,
741 1732 765 1770 2
793 1734 859 1769 οὐκ
887 1728 927 1770 ὗε
953 1732 1020 1786 τὴν
1049 1732 1195 1787 Θήρην,
1217 1736 1255 1775 ,Π
1286 1735 1357 1786 22,
1399 1736 1447 1774 14
1475 1731 1547 1773 '³⁶55
1575 1733 1619 1773 ἂν

221 1806 340 1839 ταῦτα
359 1801 408 1839 τοὶ
427 1802 552 1854 χωρία,
582 1803 611 1840 II
632 1802 695 1852 22,
727 1803 776 1841 19
796 1805 826 1841 εἰ
843 1804 959 1841 τοίνυν
988 1803 1138 1856 ἐχιόνιζε
1158 1835 1167 1843 .
1189 1835 1198 1843 .
1218 1805 1357 1858 ταύτην
1384 1804 1452 1859 τὴν
1480 1805 1614 1859 χώρην.

227 1870 283 1909 Cf.
313 1872 377 1909 Ar.
407 1871 505 1911 Ach.
540 1872 615 1910 138
645 1875 675 1910 εἰ
702 1870 751 1925 μὴ
780 1870 948 1925 κατένιψε
975 1873 1066 1926 χιόνι
1092 1872 1159 1927 τὴν
1187 1873 1350 1928 Θρᾶριην.

355 1941 394 1991 2)
450 1942 581 1981 Verba
610 1941 691 1990 ὕειν,
721 1942 827 1995 νίφειν
855 1947 1052 1992 ponuntur
1079 1945 1119 1982 in
1146 1945 1302 1994 passivo
1330 1957 1416 1984 cum
1439 1947 1620 1986 subiectis

224 2013 246 2063 ἡ
276 2016 324 2064 γῆ
353 2012 436 2049 Sim.
466 2011 606 2064 Herod.
636 2013 650 2050 Ι
682 2012 770 2061 193,
801 2013 826 2050 3
854 2014 945 2065 ἠγῆ
967 2042 975 2050 .
999 2043 1007 2051 .
1029 2013 1140 2061 ὕεται,
1170 2015 1200 2052 II
1232 2015 1291 2064 13,
1325 2016 1372 2054 15
1401 2015 1501 2053 ὕεται
1519 2020 1619 2053 πᾶσα

222 2082 245 2134 ἡ
275 2080 398 2135 χώρη,
441 2082 502 2131 14,
531 2082 556 2120 8
586 2081 708 2120 ὕσεταί
736 2095 795 2136 σφι
823 2084 846 2136 ἡ
877 2082 1000 2137 χώρη,
1033 2084 1097 2134 25,
1132 2085 1180 2124 18
1210 2085 1277 2124 ἅτε
1304 2084 1451 2139 ὑομένης
1478 2100 1522 2124 τε
1548 2090 1614 2139 τῆς

222 2151 357 2204 χώρης,
396 2153 442 2190 ΙΙΙ
475 2153 534 2200 10,
567 2152 746 2200 10—-14;
784 2154 834 2192 IV
863 2155 925 2199 50,
957 2155 1029 2203 1ος
1068 2155 1156 2203 198,
1185 2156 1229 2202 8;
1267 2155 1317 2193 IV
1345 2156 1407 2203 31,
1432 2158 1540 2195 4—5
1567 2157 1618 2194 τὰ

222 2221 434 2275 κατύπερθε
461 2221 597 2275 ταύτης
624 2226 689 2275 τῆς
718 2222 837 2276 χώρης
865 2224 932 2261 αἰεὶ
959 2224 1094 2277 νίφεται
1133 2224 1182 2272 (v.
1212 2224 1262 2263 IV
1296 2225 1369 2275 50,
1411 2225 1457 2264 11
1488 2232 1619 2279 νιφετῷ

223 2285 264 2329 δὲ
292 2291 413 2330 πάντα
442 2297 575 2345 χρᾶται
607 2300 650 2334 <
667 2294 690 2345 ἡ
711 2306 736 2345 γ
754 2298 777 2346 ῆ
796 2302 840 2337 >
863 2313 901 2326 =
915 2294 1079 2347 νίφεται).

357 2362 397 2412 3)
441 2362 523 2412 ὕειν,
554 2363 715 2416 χιονίζειν
743 2364 827 2404 sine
853 2365 1027 2404 subiecto
1055 2368 1093 2404 et
1124 2364 1264 2414 ὕεσθαι,
1295 2366 1462 2419 νίφεσθαι
1489 2379 1622 2417 perso-

222 2433 362 2472 naliter
398 2434 524 2482 posita
562 2433 731 2472 efficiunt
767 2435 928 2485 figuras,
974 2447 1072 2484 quas
1111 2436 1296 2484 dicimus,
1346 2438 1621 2487 etymologicas

222 2514 367 2553 easque
395 2504 538 2543 artiore
567 2507 636 2542 aut
663 2504 800 2544 latiore
827 2517 945 2545 sensu
974 2509 1204 2555 usurpatas:

306 2592 308 2595 .
351 2573 383 2597 Δ.
403 2572 468 2603 Stes.
486 2568 645 2597 Miodmieh'.
679 2573 721 2597 De
737 2577 826 2600 eunt.
844 2575 915 2604 subl.
933 2575 1089 2600 carentibus.
1369 2573 1390 2604 2
