1836 2828
768 147 1038 186 -52-

336 276 377 326 3)
407 273 549 329 ἄρθμια
576 276 635 328 μοί
663 275 757 313 ἐστιν
786 278 820 319 ἐς
848 289 940 325 τινα,
969 275 1020 314 VI
1049 276 1113 325 83,
1143 277 1168 314 6
1196 274 1287 320 τέως
1315 273 1379 328 μὲν
1407 268 1452 328 δή
1477 287 1536 328 σφι
1564 271 1607 328 ἧν

211 345 350 399 ἄρθμια
371 346 405 390 ἐς
426 344 606 398 ἀλλήλους
631 342 1065 395 »ἃΙίᾳιιειπιάἰαᾳυίάθηΊ
1095 346 1208 394 igitur
1237 346 1307 384 suit
1334 343 1453 398 infeis
1472 349 1609 386 mutua

211 416 500 455 benevolentia«
534 417 658 455 Valla.
690 416 834 455 Eodem
863 427 1002 455 sensu:
1032 463 1037 468 .

334 486 375 534 4)
405 486 491 538 φίλα
520 485 596 523 ἐστί
631 499 690 538 μοι
727 484 812 538 πρός
850 499 930 522 τινα
968 486 1012 524 ΙΙΙ
1054 485 1118 535 4-9,
1147 485 1171 524 2
1201 489 1231 524 εἰ
1259 485 1324 539 μέν
1351 501 1412 524 νυν
1440 517 1447 524 .
1479 517 1488 525 .
1517 492 1606 524 τοῖσι

209 554 412 609 Κορινθίοισι
449 556 535 609 φίλα
576 551 619 609 ἦν
654 555 737 609 πρὸς
765 555 851 600 τοὺς
885 553 1121 609 Κερκυραίους
1158 555 1295 607 [Maior
1328 568 1420 606 pars
1448 568 1540 596 mss.
1570 560 1609 596 et

209 627 363 666 editor:
386 628 491 680 <pom
508 628 561 680 φίὶ
572 641 608 665 ια
627 629 673 675 R,
693 627 852 667 Bekker.
873 627 929 666 Cf.
951 627 1114 674 BredOV‚
1134 627 1182 667 de
1201 627 1289 666 dial.
1310 627 1451 667 Herod.
1472 639 1508 677 p.
1528 628 1608 678 67].

340 698 380 746 5)
410 697 587 751 βιώσιμον,
619 695 772 750 βιώσιμα
800 697 859 750 μοί
886 697 992 746 ἐστιν,
1022 697 1035 736 Ι
1065 697 1129 746 45,
1161 699 1184 737 7
1206 697 1356 750 (λέγων)
1384 691 1467 737 οὐδὲ
1495 700 1527 736 οἱ
1555 699 1609 751 εἴη

210 768 378 820 βιώσιμον
411 769 507 806 »sibi
534 769 743 807 vivendum
779 780 858 807 non
894 779 1015 807 esse«
1050 768 1153 807 Idem
1181 769 1370 816 significat
1398 769 1534 818 plural.
1565 770 1609 807 ΙΙΙ

213 839 300 888 109,
328 839 436 878 2—3
464 841 496 876 οἱ
525 838 560 876 ἑν
589 836 779 892 Ἀραβίοισι
807 837 997 892 ὑπόπτεροι
1036 838 1129 892 ὄφιες
1158 841 1188 876 εἰ
1207 839 1363 891 ἐγίνοντο
1392 841 1439 883 ὡς
1467 841 1489 892 ἡ
1510 838 1607 892 φύσις

210 911 346 946 αὐτοῖσι
373 907 536 961 ὑπάρχει,
565 910 632 946 οὐκ
660 906 703 946 ἂν
731 904 773 961 ἧν
802 908 954 961 βιώσιμα
982 907 1200 962 ἀνθρώποισι
1235 920 1334 947 »non
1369 913 1470 948 esset
1503 910 1609 958 quod

212 979 385 1018 viverent
413 979 589 1018 homines
618 980 721 1028 (nam
741 991 876 1018 omnes
890 979 1114 1027 interirent).
1144 979 1203 1017 Ab
1231 979 1306 1017 hae
1321 980 1510 1018 sententia
1529 991 1606 1018 non

211 1049 373 1088 multum
402 1048 587 1088 adhorret
615 1049 880 1099 interpretatio
910 1049 1092 1097 Kruegeri
1127 1061 1193 1088 »so
1221 1048 1394 1088 konnten
1424 1049 1486 1089 die
1504 1049 1610 1088 Men-

211 1119 330 1158 schen
361 1119 421 1157 ihr
449 1119 578 1158 Leben
606 1119 713 1158 nicht
741 1123 904 1159 retten«.

342 1185 382 1232 6)
410 1183 549 1237 γελοῖόν
579 1184 684 1232 ἐστιν,
715 1184 793 1223 Vlll
813 1185 875 1229 25,
897 1186 922 1223 8
942 1185 1003 1222 καὶ
1030 1184 1100 1237 γαρ
1129 1178 1173 1236 δὴ
1203 1185 1264 1222 καὶ
1291 1186 1433 1237 γελοῖον
1461 1180 1503 1237 ἦν
1528 1188 1605 1224 »et-

212 1255 314 1294 enim
351 1259 435 1294 erat
473 1266 533 1294 res
572 1255 744 1305 profecto
783 1255 899 1294 etiam
928 1254 1111 1294 ridieula‹
1147 1254 1268 1298 Valla.
1309 1254 1502 1294 polonice:
1536 1255 1609 1293 »bo

215 1326 274 1384 tei
304 1325 315 1363 i
344 1329 425 1364 tam
453 1325 657 1364 §miesznie
689 1325 818 1374 bylon

345 1397 385 1445 7)
414 1395 532 1449 ὅμοιόν
560 1396 619 1449 μοί
648 1396 752 1444 ἐστιν,
784 1396 864 1435 Vm
902 1397 967 1445 80,
1010 1396 1056 1436 11
1096 1394 1138 1449 ἢν
1177 1389 1217 1434 δὲ
1256 1398 1390 1434 αὐτοῖσι
1420 1394 1469 1450 μὴ
1498 1397 1608 1435 πιστοὶ

213 1470 374 1520 γένηται,
403 1467 521 1520 ὅμοιον
550 1468 633 1519 ἡμῖν
662 1470 762 1505 ἔσται
795 1467 865 1506 »de
892 1467 1010 1506 nihilo
1039 1468 1151 1506 nobis
1179 1479 1297 1507 curae
1324 1468 1430 1506 erit.»

342 1539 382 1586 8)
410 1537 705 1591 προσφερέστερον
734 1538 809 1575 ἐστι
839 1556 876 1569 =
905 1536 1045 1590 ἄμεινόν
1074 1538 1160 1586 ἐστι,
1190 1538 1225 1576 V
1258 1537 1346 1589 111,
1380 1538 1428 1576 12
1454 1540 1501 1582 ὡς
1529 1536 1611 1590 μέν·

214 1622 270 1645 τοι
299 1611 421 1661 ἔμοιγε
441 1601 556 1646 δοκέει
577 1605 662 1646 εἶναι
680 1613 770 1646 τοῖσι
789 1613 876 1646 σοῖσι
895 1606 1077 1662 πρήγμασι
1104 1610 1411 1662 προσφερέστερον,
1425 1607 1454 1654 ¹)
1476 1606 1612 1661 φράσω.

297 1779 319 1821 ¹)
343 1779 370 1812 V
394 1779 467 1818 111,
492 1780 534 1812 12
555 1779 811 1822 προσφερέστερον]
836 1779 932 1812 codd.
965 1782 998 1812 et
1027 1778 1181 1819 editores3
1221 1780 1364 1812 formam
1387 1778 1614 1822 προφερέστερον

347 1838 494 1880 ineptam
519 1842 655 1880 propter
678 1837 956 1879 significationem
980 1848 999 1871 e
1015 1838 1088 1870 eod.
1105 1848 1121 1870 s
1145 1838 1269 1880 recepit
1290 1838 1324 1870 in
1347 1840 1474 1871 textum
1491 1838 1614 1871 Sohae-

348 1898 398 1930 fer
421 1898 463 1940 (a.
490 1898 595 1938 1801).
627 1897 878 1940 Προσφερέσεερον
900 1899 1081 1931 formatum
1105 1901 1157 1931 est
1186 1908 1208 1931 a
1229 1897 1391 1941 προσφερής
1405 1913 1436 1925 =
1456 1898 1614 1940 »propius

348 1957 392 1990 ad
416 1957 544 1998 aliquid
567 1957 742 1998 mecedem,
775 1957 914 1990 similis«
942 1976 981 1981 —
1006 1967 1074 1990 non
1090 1967 1112 1990 a
1134 1958 1300 2000 πρόσφορος
1316 1972 1347 1984 =
1363 1958 1456 1990 utilis
1488 1956 1615 2000 (quem-

349 2016 533 2048 admodum
549 2017 786 2057 interpretatur
801 2017 959 2057 Krueger,
982 2016 1031 2048 Di.
1049 2017 1068 2057 §3
1092 2017 1143 2055 23,
1160 2017 1190 2055 2,
1214 2017 1236 2047 3
1251 2019 1293 2054 et,
1311 2026 1517 2057 quamquam
1552 2016 1610 2048 du-

349 2075 435 2116 hius,
452 2075 547 2108 Stein
562 2086 592 2108 a.
609 2075 642 2109 h.
659 2075 703 2117 1.),
732 2076 829 2108 euius
848 2075 966 2108 adiect.
984 2075 1212 2117 comparativs
1229 2078 1280 2124 est
1295 2075 1553 2118 προσφορέστερον,
1577 2079 1615 2108 ut

348 2134 594 2178 σπουδαιέστερος,
618 2134 797 2178 ἐυνοέστερος
820 2135 953 2178 (Herod.
985 2136 998 2168 1
1028 2135 1057 2168 8.
1089 2135 1116 2169 V
1139 2135 1201 2176 24).
1226 2135 1470 2168 Testimonium
1494 2135 1614 2176 Photii,

349 2196 426 2229 LeX.
454 2207 484 2238 p.
509 2195 583 2237 463,
610 2196 648 2229 11
667 2195 913 2239 προσφερέστερον
925 2205 944 2226 z*
959 2195 1070 2238 βέλτιον
1085 2206 1105 2229 a
1122 2195 1250 2229 Steinio
1273 2195 1476 2229 dissentiens
1498 2195 1618 2229 confir-

350 2266 444 2289 mare
468 2259 550 2298 puto
566 2265 637 2289 non
652 2256 849 2289 anomalum
866 2256 1145 2299 comparativum,
1162 2255 1222 2289 sed
1244 2255 1431 2289 solitariam
1448 2256 1617 2298 significa-

349 2315 475 2348 tionem
499 2314 618 2348 adiect.
643 2315 815 2358 προσφερής.
840 2316 948 2357 Atque
971 2315 1172 2357 significatio
1203 2315 1298 2356 haec,
1323 2325 1426 2357 quam
1449 2315 1525 2348 loco
1549 2316 1611 2348 He-

350 2375 490 2408 rodoteo
503 2375 669 2408 sententia
683 2376 840 2417 postulat,
855 2378 964 2417 potest
977 2375 1228 2416 quodammodo
1241 2375 1402 2417 explicari
1420 2378 1453 2408 et
1465 2375 1616 2408 defendi:

351 2435 597 2477 προσφερέστερόν
623 2446 648 2465 τι
671 2436 744 2466 τοῖσι
768 2434 916 2478 πρήγμασί
939 2446 995 2478 μου
1019 2435 1110 2468 vaiet
1134 2435 1281 2476 »aliquid
1309 2435 1465 2477 proprius
1488 2438 1540 2468 est
1561 2446 1617 2468 res

351 2504 455 2531 meas,
481 2503 548 2526 non
573 2494 673 2526 nimis
697 2495 796 2536 longe
819 2495 862 2527 ab
885 2495 926 2526 iis
951 2495 1078 2532 abest«,
1109 2494 1200 2535 quod
1223 2494 1312 2527 idem
1336 2497 1387 2527 est
1410 2497 1510 2534 atque
1537 2494 1615 2527 »ali-

352 2553 433 2595 quid
457 2555 559 2596 savet,
581 2554 662 2587 utile
687 2557 737 2587 est
753 2555 839 2587 meis
855 2555 986 2588 rebus«.
1011 2554 1149 2588 Accedit
1160 2554 1242 2588 illud
1259 2554 1371 2595 etiam,
1389 2554 1479 2597 quod
1495 2554 1616 2588 adiect.
