1836 2828
801 108 1045 146 —7-

231 237 336 289 νίφειν
377 240 417 274 ut
454 236 518 274 Ar.
548 235 645 274 Aeh.
679 236 783 275 1106
810 236 916 288 νίφει,
955 234 1130 283 Xenoph.
1162 233 1256 282 Cyn.
1288 233 1329 276 8,
1373 232 1392 269 1
1424 231 1511 268 ὅταν
1547 230 1626 281 νίφῃ

232 308 251 344 ὁ
289 305 388 350 ἔτεος.
445 305 589 345 Eadem
627 306 862 355 proprietate
897 309 1054 345 servata
1091 302 1371 343 circumscribit
1409 300 1628 341 Herodotus

232 377 422 415 actionem
451 376 631 424 ningendi
658 376 902 415 substantivo
929 375 1029 429 χιών,
1058 379 1150 425 apto
1178 374 1298 413 verbo
1327 372 1479 412 addito:
1508 372 1539 410 II
1564 370 1629 420 22,

185 490 188 491 ⁷
236 446 285 485 12
324 446 381 483 ἐπὶ
417 445 508 497 χιόνι
545 445 698 498 πεσούσῃ
727 469 780 473 -
809 449 850 485 at
887 445 997 484 aliter
1028 445 1188 493 legimus
1216 434 1255 482 11.
1286 443 1356 492 12,
1396 442 1475 482 278
1512 441 1559 485 ὥς
1585 454 1629 478 τε

366 604 431 635 hoc
454 602 557 635 etiam
581 602 620 635 H.
644 601 795 641 Mueller,
818 603 866 634 De
888 602 979 634 verb.
1004 602 1083 644 imp.
1101 612 1131 643 p.
1149 603 1191 634 28
1215 602 1290 634 adn.
1318 601 1391 634 101.
1416 601 1505 634 Satis
1528 600 1628 642 igitur

366 662 538 696 habebant
561 661 770 704 expressisse
793 662 900 694 solam
925 662 1109 701 actionem,
1133 665 1204 694 tum
1228 662 1335 702 enim,
1360 672 1436 694 cum
1460 661 1627 699 dicebant,

366 725 426 756 aut
448 732 517 754 non
540 721 733 763 cogitabant
755 721 797 754 de
820 731 967 763 persona
991 721 1084 753 illam
1108 722 1273 754 actionem
1298 721 1474 759 efficiente,
1498 724 1558 753 aut
1580 721 1629 752 in-

372 782 501 814 finitam
519 784 552 814 et
568 781 732 814 incertam
749 781 790 813 de
805 780 926 813 eadem
941 780 1111 813 habebant
1126 780 1329 822 opinionem.
1355 780 1448 821 Quae
1465 780 1579 822 opinio
1589 798 1628 803 —

368 845 406 874 ut
436 851 514 873 cum
546 840 719 878 Grimmio‚
751 840 829 872 Lex.
854 841 884 881 3,
917 839 1002 872 1112
1025 838 1179 872 dicamus
1204 857 1243 862 —
1268 839 1297 870 si
1321 839 1555 871 corroboratur
1577 838 1630 870 fir-

367 903 553 940 maturque,
579 899 607 931 si
625 899 719 941 ipsae
735 909 846 931 rerum
863 908 988 931 causae
1011 898 1247 940 respiciuntur,
1275 907 1454 939 personam
1478 901 1630 939 agentem

366 960 447 1001 poni
470 959 643 991 videmus:
675 959 757 991 Xen.
782 958 859 991 Oec.
884 958 943 998 20,
976 958 1015 990 11
1046 958 1125 1000 ὕδωρ
1149 958 1165 988 ὁ
1188 956 1247 989 ἄνω
1270 956 1341 994 θεός
1368 957 1495 1000 παρέχει.
1535 958 1632 998 Egre-

367 1019 459 1060 gium
483 1018 678 1050 huiusmodi
702 1018 893 1059 exemplum
922 1020 1002 1049 sunt
1023 1017 1128 1049 verba
1151 1017 1311 1049 Herodoti
1333 1017 1404 1050 vm
1429 1017 1479 1055 13,
1503 1017 1524 1049 9
1539 1015 1633 1047 ἐποιέ-

369 1079 416 1109 ετό
440 1089 470 1109 τε
492 1077 548 1108 πᾶν
570 1076 625 1108 ὑπὸ
649 1079 701 1108 τοῦ
722 1075 796 1108 θεοῦ
818 1076 900 1117 κτλ,
922 1076 1038 1110 addita
1061 1076 1106 1109 ad
1128 1076 1365 1118 praecedentia
1388 1078 1431 1118 (v.
1455 1077 1487 1118 6)
1515 1075 1634 1108 πλέουσι

372 1138 482 1169 αὐτοῖσι
507 1137 617 1180 χειμών
639 1148 669 1168 τε
691 1136 739 1168 καὶ
761 1135 795 1167 τὶ)
817 1137 896 1179 ὕδωρ
919 1135 1071 1179 ἐπεγίνετο.
1110 1136 1157 1170 Cf.
1181 1146 1314 1177 quoque
1338 1136 1461 1168 ibidem
1485 1147 1557 1177 cap.
1584 1137 1635 1176 12,

378 1207 408 1229 v.
433 1198 463 1230 2.
487 1198 508 1228 3
530 1199 563 1229 et
585 1196 702 1229 9-12,
726 1196 928 1229 Locutiones
952 1196 1016 1228 sub
1039 1195 1069 1238 γ)
1093 1196 1215 1228 allatas
1238 1196 1332 1228 nullo
1355 1196 1457 1228 modo
1473 1195 1635 1228 affimiari

367 1259 477 1298 potest
500 1256 666 1297 pertinere
692 1256 737 1288 ad
760 1256 947 1288 subiectum
972 1253 987 1286 ὁ
1010 1254 1100 1295 θεός,
1134 1255 1201 1292 Ζεύς
1223 1255 1310 1296 (vide
1334 1255 1482 1297 Thucyd.
1507 1256 1549 1288 IV
1573 1256 1636 1288 103

367 1314 476 1358 χειμὼν
509 1315 539 1346 δὲ
573 1312 606 1355 ἤν
639 1314 687 1346 καὶ
717 1315 884 1358 ὑπένειφεν)ς
918 1317 1083 1348 testantur
1113 1315 1148 1347 id
1179 1316 1445 1348 luculentissime
1480 1316 1635 1356 genetivi,

373 1385 458 1415 quos
489 1375 649 1415 dicimus,
681 1374 827 1407 absoluti
858 1374 921 1406 sub
944 1374 981 1416 δ).
1029 1375 1247 1407 Grammatici
1278 1378 1311 1406 et
1333 1375 1547 1416 interpretes,
1579 1374 1636 1416 qui

376 1435 459 1468 locis
483 1435 546 1468 sub
571 1434 598 1478 β)
622 1435 769 1468 laudatis
800 1434 935 1468 adducti
965 1435 1066 1467 etiam
1097 1434 1291 1476 praedicata
1321 1435 1383 1467 sub
1406 1434 1436 1478 γ)
1459 1445 1536 1467 cum
1560 1435 1638 1467 sub-

369 1495 456 1527 iecto
479 1494 671 1535 copulanda
694 1498 829 1535 putent,
863 1494 1031 1526 debebunt
1054 1494 1229 1535 genetivus
1257 1494 1433 1526 absolutos
1457 1494 1520 1526 sub
1543 1494 1570 1536 δ)
1593 1494 1637 1526 ad

369 1553 558 1585 subiectum
584 1563 657 1594 gen.
682 1563 788 1586 masc.
813 1556 846 1585 et
869 1562 980 1585 accus.
1007 1553 1115 1586 absol.
1140 1552 1268 1595 παρέχον
1290 1553 1422 1593 (Herod.
1447 1553 1473 1586 V
1495 1553 1553 1591 49,
1582 1553 1637 1595 47)

372 1613 448 1644 sim.
480 1612 524 1644 ad
548 1611 598 1642 τὴν
618 1611 700 1652 θεόν,
731 1611 781 1642 τ“ον
802 1613 899 1654 καιρόν
921 1612 1077 1647 referre!‚
1109 1622 1186 1644 cum
1216 1612 1259 1644 ad
1282 1611 1400 1654 παρέχει
1422 1611 1492 1654 (μοι)
1516 1612 1639 1653 cogita-

372 1672 462 1704 tione
478 1681 579 1703 voces
597 1669 612 1702 ὁ
628 1670 708 1711 θεός,
732 1669 748 1702 ὁ
763 1672 859 1714 καιρός
881 1671 1089 1713 supplendas
1111 1674 1291 1703 autument
1314 1671 1492 1712 (Kuehner,
1517 1672 1636 1713 5352).

372 1731 488 1771 Itaque
511 1733 709 1771 argumenta
732 1741 774 1762 ex
797 1731 871 1771 ipsa
895 1730 1008 1762 indole
1032 1730 1166 1771 linguae
1182 1740 1326 1771 graecae
1342 1730 1446 1771 petita
1463 1730 1640 1771 impellunt

373 1793 487 1830 nos‚ut
509 1792 700 1822 statuamus
731 1789 835 1822 verba
863 1790 928 1830 ὖειν,
960 1789 1080 1832 βροντᾶν
1109 1792 1171 1822 etc.
1196 1789 1342 1822 Graecos
1365 1792 1398 1821 et
1420 1799 1559 1830 prorsus
1583 1790 1640 1822 ab·

371 1850 481 1882 solute
512 1849 597 1890 (sine
629 1849 792 1891 subiecto)
822 1852 855 1881 et
883 1859 961 1881 cum
996 1849 1147 1881 subiecto
1176 1858 1377 1890 usurpasse3
1412 1849 1638 1881 Herodoteum

369 1908 428 1940 ὔων
451 1907 513 1952 (οὐκ
536 1906 623 1946 ἀνιεῖ).
647 1918 754 1950 aeque
779 1908 859 1941 ferri
880 1918 949 1941 non
966 1911 1077 1950 potest
1092 1911 1192 1949 atque
1209 1908 1324 1950 polon.
1340 1909 1407 1948 (on)
1421 1908 1477 1947 lat,
1501 1910 1640 1950 grzmial

370 1968 444 2010 (pro
468 1968 545 2008 lalo,
570 1968 756 2009 grzmialo),
780 1978 882 2008 germ.
907 1968 966 2009 (er)
990 1971 1145 2008 regnete,
1178 1970 1215 1999 ut
1240 1978 1276 1999 re
1300 1978 1381 1999 vera
1404 1968 1641 2009 interpretatur

370 2028 435 2060 hoc
465 2028 607 2060 verbum
639 2028 787 2069 Krueger
818 2027 872 2060 Gr.
897 2038 943 2069 gr.
967 2027 1019 2067 47,
1051 2027 1082 2067 4,
1106 2027 1128 2059 4
1153 2027 1212 2058 »ὕει
1234 2037 1271 2059 es
1295 2027 1368 2068 (eig.
1393 2038 1437 2068 er,
1462 2028 1522 2060 der
1545 2028 1637 2071 Gott)

375 2090 508 2128 regnet«
547 2088 737 2129 Quaproter
759 2097 888 2129 repono
912 2091 995 2128 part.
1020 2091 1126 2119 neutr.
1151 2097 1222 2128 gen.
1246 2083 1295 2117 ῧον
1318 2086 1381 2129 (οὐκ
1403 2085 1489 2129 ἀνιεῖ).
1519 2089 1640 2120 Forma

373 2147 432 2177 ὕων
463 2146 619 2179 consulto
648 2146 795 2179 fortasse
825 2146 860 2178 in
897 2149 1026 2179 textum
1058 2147 1151 2179 illata
1181 2149 1232 2178 est
1263 2149 1296 2178 et
1325 2146 1382 2185 iis,
1414 2146 1471 2187 qui
1494 2146 1640 2180 absoluti

371 2216 455 2238 usus
479 2209 563 2248 part.
587 2202 637 2237 ῧον
658 2205 756 2238 inscii
780 2209 895 2247 erant,
919 2206 1066 2239 debetur
1074 2217 1081 2246 ;
1114 2206 1244 2239 accedit
1267 2207 1383 2245 etiam,
1408 2207 1497 2247 quod
1521 2218 1538 2238 ο
1561 2210 1594 2239 et
1616 2220 1641 2237 ω

374 2266 409 2297 in
432 2265 617 2307 archetypo
649 2265 809 2297 Herodoti
836 2275 939 2306 saepe
962 2265 1049 2298 inter
1073 2276 1110 2297 se
1133 2265 1427 2298 confundebantur
1456 2266 1643 2308 (GomperZ,

380 2324 505 2357 Herod.
530 2324 627 2357 Stud.
651 2325 680 2357 II
704 2325 789 2366 575).
839 2325 914 2367 Qua
936 2325 1111 2359 lenissima
1134 2326 1321 2358 mutatione
1346 2327 1433 2358 facta
1460 2326 1646 2367 aequaliter

376 2385 443 2418 iam
468 2384 619 2426 procedit
641 2385 766 2418 oratio:
792 2384 844 2416 οὐκ
865 2385 905 2415 ῦει
928 2384 1014 2426 (sine
1037 2385 1201 2427 subiecto)
1231 2384 1323 2428 λόγου
1346 2384 1421 2423 ἄξιον
1443 2386 1533 2426 οὐδέν,
1556 2385 1589 2417 τὶ)
1613 2388 1644 2429 3³„

383 2442 473 2486 θέρος
495 2441 544 2475 ῧον
567 2444 619 2475 οὐκ
640 2442 717 2475 ἀνιεῖ.
740 2463 780 2467 -
805 2444 990 2485 Corruptus
1019 2444 1121 2476 etiam
1151 2444 1234 2476 mihi
1262 2444 1394 2477 videtur
1423 2445 1519 2478 locus
1542 2446 1646 2481 Hero-

383 2503 451 2536 doti
475 2504 564 2536 hanc
586 2503 800 2544 personalem
830 2503 1115 2536 constructionem
1147 2504 1325 2536 exhibens:
1357 2503 1381 2535 εἰ
1410 2503 1538 2546 ἐχιόνιζε,
1565 2501 1643 2542 ὕετο]
