1836 2828
735 89 978 126 -4-

278 213 542 259 Adnotatio.
582 215 961 267 commemorandae
987 219 1080 256 sunt
1107 215 1226 256 etiam
1255 214 1476 255 contrariae
1502 213 1552 255 de

146 298 193 327 ea
230 287 458 337 quaestione
498 287 734 336 sententiae,
780 299 883 337 quae
918 291 1050 326 tamen
1085 297 1175 325 cum
1213 285 1429 335 permultae
1464 285 1552 334 sint,

151 357 399 407 acquiescam
430 357 469 396 in
497 357 771 397 enumerandis
805 358 999 397 nonnullis
1028 357 1150 406 iisque
1177 355 1431 404 gravioribus.
1477 354 1556 395 Alii

145 428 300 476 dicunt,
340 427 538 467 notionem
567 427 736 466 nominis
763 428 950 466 abstracti
979 430 1078 475 (rem
1105 426 1249 475 verbi),
1285 425 1550 466 inhaerentem

145 497 267 537 radici
303 497 414 537 verbi
451 497 534 536 sine
571 497 746 536 subiecto
783 498 898 547 positi
926 509 1012 537 esse
1039 497 1122 537 eius
1151 496 1391 538 subiectum:
1429 496 1552 535 curri-

145 570 210 605 tur
238 587 280 598 =
302 578 445 611 ,cursus
474 567 644 605 curritur
681 567 961 617 (Theoctistus,
1002 567 1222 606 Priscianus
1250 565 1353 616 apud
1385 565 1552 605 Miklosi-

145 638 276 677 chium
305 650 340 687 p.
372 639 408 687 7,
435 649 483 677 ex
513 638 792 678 recentioribus
820 638 864 680 H.
893 638 1062 687 Mueller,
1090 638 1146 678 De
1165 637 1271 677 verb.
1291 638 1383 686 imp.
1406 649 1442 686 p.
1464 633 1551 685 21)3

144 709 208 748 alii
228 719 322 747 vero
350 708 531 757 supplent
559 719 778 758 personam,
806 708 913 748 velut
941 706 1055 759 (Ζεύς,
1076 707 1180 759 θεὸς)
1201 706 1398 761 ἀστράπτει
1418 706 1552 758 (Apol-

144 779 293 830 lonius,
333 779 389 818 De
425 782 524 827 synt.
568 778 667 827 101,
705 779 886 826 Krueger,
927 791 981 826 gr.
1020 780 1093 828 61,
1131 781 1159 818 4
1187 779 1277 818 adn.
1306 780 1352 824 4;
1392 777 1551 816 Kiihner

144 850 168 897 ξ
197 848 277 888 352
308 847 356 897 b).
413 847 561 895 Eggero
600 847 781 897 (Notions
809 848 1075 889 elementaires
1104 849 1151 888 de
1179 847 1414 896 grammaire
1441 858 1549 886 com-

144 922 261 967 paree
301 918 370 966 84)
407 922 442 957 et
474 917 691 957 Steinthalo
729 919 848 968 (apud
890 918 1171 958 Miklosiohium
1211 931 1246 968 p.
1281 917 1456 967 19—20)
1493 918 1550 956 vi-

145 989 286 1029 dentur
332 988 534 1029 enuntiata
581 988 680 1028 haec
723 989 939 1039 exprimere
981 989 1244 1030 exsistentiam
1291 988 1550 1038 (Existential-

142 1060 287 1107 satze):
316 1059 447 1111 βροντᾷ
475 1058 691 1097 dissolvunt
720 1059 760 1098 in
788 1058 917 1112 βροντὴ
951 1060 1115 1113 γίγνεται
1144 1059 1279 1109 (suiets
1307 1058 1547 1108 conjugues).

144 1129 345 1169 Sententia
373 1128 554 1176 Sigwarti
584 1128 697 1179 [conf.
718 1129 764 1168 A.
785 1129 913 1179 Marty
945 1129 1094 1170 »Ueber
1123 1129 1380 1178 subjektslose
1406 1129 1545 1168 Satze»

143 1205 216 1240 etc.
246 1199 402 1249 (Berlin.
424 1198 516 1250 phil.
536 1199 815 1241 Wochenschr.
849 1201 965 1251 1884,
993 1213 1030 1241 n.
1060 1201 1124 1251 23,
1153 1213 1189 1251 p.
1221 1199 1411 1251 727—8)]
1441 1211 1553 1250 prae-

143 1271 272 1310 dicata
309 1271 394 1310 sine
433 1271 608 1311 subiecto
645 1271 793 1311 habent
820 1272 913 1317 ‚vim
956 1272 1184 1311 iudiciorum
1227 1271 1548 1321 appellativorum

144 1341 570 1393 (Benennungsurteil):
617 1353 680 1381 »es
708 1341 817 1381 blitzt
846 1361 888 1373 =
917 1342 988 1381 das
1016 1343 1065 1381 ist
1094 1342 1259 1392 Blitzen,
1299 1342 1370 1397 das
1398 1341 1546 1380 blitzt‹.

143 1411 335 1451 Steinthal
373 1411 574 1462 (Zeitsehr.
604 1411 629 1449 f.
660 1412 937 1462 Volkerpsych.
971 1413 1096 1462 1866,
1134 1414 1182 1461 4,
1222 1412 1302 1452 235
1329 1401 1404 1461 sq.)
1433 1416 1547 1451 autu-

143 1485 237 1531 mat,
269 1481 467 1521 hominem
496 1482 719 1531 loquentem
748 1482 891 1532 aliquid
920 1483 1111 1532 incogniti,
1141 1482 1279 1522 occulti
1305 1482 1451 1522 habere
1477 1493 1547 1532 pro

143 1556 303 1593 auctore
341 1552 431 1591 facti
471 1552 676 1591 cuiusdam
714 1552 774 1592 vel
811 1553 974 1591 actionis
1002 1553 1042 1591 in
1070 1565 1200 1593 rerum
1229 1556 1369 1592 natura
1398 1553 1547 1602 conspi-

143 1633 242 1661 cuae
269 1621 566 1671 (phaenomeni).
598 1623 783 1671 Apparet,
813 1623 992 1661 laudatos
1021 1622 1197 1661 homines
1225 1623 1360 1661 doctos
1379 1623 1548 1672 probare

143 1692 269 1732 solum
299 1692 460 1742 iudicia,
501 1704 603 1742 quae
630 1693 902 1733 contineantur
931 1693 1085 1733 duobus
1114 1693 1299 1733 memhris
1337 1693 1547 1743 (Zweiglie-

143 1763 249 1812 drige
278 1762 448 1812 Urteile).
484 1762 658 1810 Quorum
688 1763 858 1813 opinioni
887 1764 1050 1804 accessit
1079 1764 1343 1804 recentissimo
1372 1767 1546 1814 tempore

142 1834 241 1874 Guil.
272 1833 473 1885 Schuppe:
509 1834 772 1883 »Subjectlose
800 1835 937 1875 Same«
972 1835 1055 1885 (Mit
1074 1836 1309 1875 besonderer
1335 1835 1546 1875 Riicksicht

143 1905 213 1945 auf
237 1904 480 1944 Miklosichs:
517 1905 781 1953 »Subjectlose
810 1905 947 1945 Same«
981 1907 1076 1955 ete),
1106 1905 1302 1955 [Zeitschr.
1333 1905 1357 1944 f.
1386 1906 1544 1945 Volker-

142 1975 278 2025 psych.
299 1974 398 2023 XVI,
427 1975 464 2024 3,
485 1975 736 2025 249—297];
765 1976 807 2014 F.
829 1976 955 2015 Kern:
991 1975 1082 2015 »Die
1101 1975 1286 2015 deutsche
1305 1975 1544 2015 Satzlehre«.

142 2045 235 2083 Eine
264 2044 562 2092 Untersuchung
600 2044 704 2083 ihrer
737 2045 1007 2094 Grundlagen,
1050 2045 1068 2084 1
1109 2057 1194 2095 cap.
1233 2045 1338 2094 (Satz
1366 2045 1445 2084 und
1473 2045 1545 2085 Ur-

141 2115 232 2164 teil),
270 2115 437 2155 Berolini
479 2115 584 2154 1883
622 2115 738 2166 (conf.
778 2116 918 2156 Intern.
956 2115 1139 2156 Zeitschr.
1178 2115 1202 2155 f.
1232 2115 1305 2165 vgl.
1341 2115 1542 2166 SprachW.

140 2186 165 2235 l,
194 2185 311 2236 4603
350 2185 396 2224 H.
429 2186 574 2225 Paul:
606 2186 820 2236 Principien
850 2186 918 2225 der
947 2186 1165 2236 Sprachg.2,
1193 2185 1288 2237 Cap.
1318 2186 1368 2225 Vl
1395 2198 1434 2237 p.
1467 2187 1544 2227 106

146 2259 282 2295 ›unter
310 2256 411 2296 allen
440 2256 679 2296 Umstanden
708 2257 758 2295 ist
785 2257 846 2296 ein
875 2257 978 2307 Satz,
1007 2257 1082 2297 wie
1100 2257 1233 2307 Feuer,
1271 2269 1323 2297 es
1350 2257 1544 2308 brennt,

139 2327 441 2376 zweigliedrig‹;
484 2328 529 2367 A.
576 2327 686 2367 Puls:
731 2327 858 2367 Ueber
901 2328 972 2367 das
1015 2328 1158 2368 Wesen
1191 2328 1260 2368 der
1288 2327 1544 2377 subjectlosen

140 2397 269 2436 Satze.
300 2398 325 2435 I.
356 2398 396 2436 ΙΙ.
428 2399 558 2446 Progr.
589 2398 802 2445 Flensburg
835 2399 950 2446 1888,
985 2398 1088 2437 1889
1119 2398 1180 2447 (cf.
1213 2397 1356 2437 Archiv
1384 2399 1446 2437 fur
1474 2398 1541 2437 lat.

140 2466 270 2506 Lexik.
296 2467 332 2506 V
361 2467 590 2506 301—302.
622 2467 677 2506 VI
705 2468 951 2516 577-578).
