1836 2828
780 150 833 165 ,ετ
888 128 943 169 55
995 149 1056 166 .-÷.—

307 271 310 273 ’
352 255 551 305 Exempla>
567 257 696 295 dubia.
728 257 756 294 ‘l
791 258 878 305 191,
916 258 940 295 2
974 259 1048 295 εἴτε
1076 258 1137 294 xz).
1164 257 1270 305 αὐτὸς
1299 258 1421 309 {gaz-272
1445 257 1489 294 τὸ
1517 270 1618 309 ποιη-

225 325 307 365 τέον
334 328 366 364 οἱ
392 320 446 379 ἦν,
477 325 591 364 ἐποίεε
618 319 663 379 δὴ
691 320 863 374 τοιόνδε,7
888 326 965 365 Vlll
998 327 1086 376 101,
1124 328 1147 365 7
1177 327 1233 364 ὅτι
1259 327 1427 380 πβότερον
1456 327 1617 380 ἐφαίνετο

226 395 337 450 μούνη
365 395 513 434 νοέουσα
540 396 590 434 τοὶ
617 396 770 449 ποιητέα
797 392 852 449 ἦν.

359 464 617 508 Adnotatio.
676 466 886 504 Collocatio
914 467 1186 515 pronominum
1216 469 1331 517 (quae
1358 468 1521 506 actionis
1549 468 1618 505 ob-

226 537 365 577 iectum
395 536 629 587 exprimunt)
658 539 750 587 ante
777 536 915 576 adiect.
935 537 1041 576 verb.
1062 537 1102 576 in
1125 537 1392 587 personalibus
1418 541 1617 577 construc-

160 621 163 623 ’
226 607 397 646 tionibus
433 618 512 645 non
551 610 677 655 potest
717 606 852 645 haberi
893 618 965 656 pro
1006 607 1144 655 insigni
1185 607 1323 645 barum
1367 608 1616 646 locutionum.

228 676 285 716 Cf.
315 676 558 717 enuntiatum
586 676 668 716 sine
696 676 870 720 subiecto
897 677 978 716 VIII
1010 677 1099 717 142.

892 773 944 811 D.

356 852 461 899 “Am
489 855 565 892 ἐστί
591 868 701 902 τινος,
741 855 792 893 IX
821 854 884 904 27,
922 855 975 893 25
1010 856 1173 893 παλαιῶν
1211 855 1274 908 μέν
1313 871 1372 893 νυν
1402 859 1513 909 ἔργων
1544 857 1619 899 ἅλις

227 928 341 963 ε-’Ξννι-ω.7
389 924 444 964 Cf.
476 924 612 964 Aesch.
642 924 709 973 Ag.
743 925 846 964 1633
883 927 913 962 εἰ
951 918 984 962 δ’
1012 923 1064 962 ἐτ’
1091 926 1133 962 οὐ
1160 924 1319 978 μόχθων
1347 924 1484 978 γένοιτο
1514 919 1612 963 vav&

227 996 304 1040 ἅλις
339 996 416 1033 κτὲ.
466 994 634 1043 Linguae
670 995 839 1035 slavicae
876 999 1038 1034 utuntur
1065 995 1105 1034 in
1138 995 1326 1035 similibus
1364 996 1621 1036 locutionibus

217 1058 295 1107 ‘aut
336 1067 452 1106 meris
494 1067 708 1118 adverbiis:
751 1066 908 1116 dosyc
939 1066 1008 1114 Juzi
1047 1069 1150 1115 tego,
1193 1072 1262 1105 aut
1299 1068 1445 1106 neutris
1482 1068 1619 1107 adiect.

225 1149 342 1177 sensu
370 1135 583 1176 adverbiali
610 1136 812 1176 adh‘bitis:
841 1148 892 1187 po
920 1138 980 1175 vsi
1008 1137 1143 1176 rovinc
1172 1138 1290 1187 plno
1320 1138 1431 1185 kom';
1461 1139 1620 1188 wszedy

226 1207 377 1257 pelno
405 1208 534 1255 ciebie⁷
565 1219 675 1246 mno
685 1219 742 1255 go
771 1207 872 1246 ludzi
900 1210 971 1246 etc.

884 1355 955 1394 IV.

305 1441 517 1493 Participia
544 1441 737 1482 destituta
763 1441 942 1483 subiecto
970 1441 1012 1482 in
1041 1441 1222 1490 casibus,
1251 1442 1321 1493 qui
1349 1441 1547 1489 (licuntur,

449 1510 668 1559 absolutis,
697 1510 881 1563 genetivo
910 1512 950 1552 et
976 1510 1218 1559 accusativo,
1246 1511 1391 1563 posita.

356 1598 579 1647 Participia,
628 1609 728 1647 quae
775 1585 889 1646 vulgo
935 1598 1188 1648 appellantur,
1235 1597 1415 1636 absoluta
1430 1597 1460 1646 1)
1506 1609 1622 1647 posse

225 1669 308 1708 sine
344 1668 518 1708 subiecto
555 1668 755 1717 usurpari,
797 1668 921 1707 elucet
958 1680 1005 1707 ex
1044 1680 1185 1716 magna
1227 1669 1357 1718 copia,
1381 1668 1619 1707 locutionum

224 1739 398 1778 subiecto
426 1739 659 1786 carentium,
688 1749 786 1786 quas
814 1737 944 1776 adhue
971 1738 1243 1788 congessimus.
1306 1738 1442 1777 »leder
1478 1738 1619 1776 Anlass

225 1821 274 1847 zu
316 1808 440 1848 einem
483 1808 688 1847 Bedenken
730 1808 827 1847 iiber
867 1807 1025 1847 solchen
1072 1808 1279 1846 Gebrauch
1321 1808 1390 1846 ἀῶ
1432 1808 1619 1857 Particips

224 1878 517 1919 verschwindet‚
554 1877 692 1916 sobald
719 1889 812 1916 man
840 1877 907 1915 ihn
936 1877 1042 1915 nicht
1068 1877 1227 1925 isoliert,
1267 1877 1435 1916 sondern
1463 1878 1515 1914 im
1544 1878 1620 1915 Zu-

224 1947 529 1996 sammenhange
565 1948 636 1986 mit
674 1947 748 1987 den
786 1947 1038 1987 verxvandten
1072 1947 1527 1997 Spracherscheinungen
1557 1948 1620 1987 be-

224 2017 427 2057 trachtet«
484 2017 530 2055 H.
559 2018 716 2065 Bonitz=
754 2018 795 2056 Z.
834 2017 860 2055 f.
889 2021 923 2055 ὃ.
953 2019 997 2055 G.
1031 2018 1135 2056 1866
1176 2029 1212 2066 p.
1243 2018 1333 2055 788.
1387 2017 1442 2055 De
1478 2017 1619 2065 quibus

223 2087 575 2127 constructionibus
602 2088 766 2128 eandem
795 2087 939 2128 habent
968 2087 1187 2138 opinionem
1216 2087 1366 2127 Vahlen
1400 2087 1454 2138 (in
1477 2087 1535 2127 ed.
1563 2099 1617 2126 cr.

224 2160 438 2199 Aristotelis
465 2159 514 2198 de
541 2163 626 2205 arte
654 2163 767 2208 poet„
795 2159 946 2208 Lipsiae
976 2159 1080 2198 1885
1108 2159 1196 2198 adn.
1216 2159 1266 2197 ad
1287 2171 1321 2207 p.
1346 2160 1464 2197 1451·
1487 2160 1552 2208 13)
1581 2164 1619 2198 et

224 2229 382 2269 Classen
412 2229 478 2279 (ad
505 2229 678 2277 Thucyd.
708 2229 722 2267 Ι
750 2229 773 2267 7
799 2241 829 2267 s.
849 2242 885 2267 v.
905 2228 1173 2282 πλοϊμωτέρων,
1203 2229 1249 2269 ci.
1270 2229 1359 2267 ibid.
1380 2229 1458 2268 adn
1492 2228 1615 2268 Boeh-

309 2398 330 2440 ¹)
353 2398 401 2431 De
423 2398 570 2440 genuina
585 2398 618 2431 vi
635 2401 667 2431 et
682 2398 810 2440 origine
832 2402 939 2440 genet.
957 2399 1063 2432 absol.
1088 2399 1123 2432 in
1145 2399 1260 2441 lingua
1282 2409 1403 2440 graeca
1428 2398 1503 2431 vide
1527 2399 1620 2431 Clas-

354 2458 427 2491 seni
449 2459 550 2491 Beob.
576 2459 658 2490 iiber
680 2458 711 2490 d.
729 2459 819 2490 hom.
837 2459 996 2500 Sprachg.
1022 2470 1052 2500 p.
1078 2459 1248 2491 176-188
1272 2462 1305 2490 et
1327 2459 1533 2499 Brugmanni
1558 2460 1616 2491 Gr.

353 2528 400 2558 gr.
424 2518 444 2558 ξ
468 2518 541 2550 171.
565 2518 684 2550 Aecus.
708 2517 816 2550 absol.
839 2517 990 2550 nondum
1015 2518 1184 2550 invenitur
1207 2518 1297 2560 apud
1322 2518 1516 2550 Homerum.
