1836 2828
320 260 360 314 γ)
398 262 610 315 ἐπινεφέλων
638 261 777 306 ἐόντων
798 261 1004 316 (ἑπινὲφελά
1032 263 1126 305 ἐστιν
1168 261 1482 312 »nubilat(ur)‹):
1520 259 1585 298 Vn

191 328 254 379 37,
282 330 307 369 9
324 329 453 384 (ἥλιος)
482 330 615 386 ἀφανὴς
643 327 685 386 ἧν
712 330 788 371 οὔτ
816 332 952 386 ἑτανεφ-
940 334 1030 370 ἐλων
1058 331 1191 370 ἐόντων
1217 333 1296 369 κτὲ.
1336 330 1442 369 Siein
1472 335 1589 370 vocat

190 400 230 437 in
248 403 577 451 comparationem
598 402 947 451 Arist.Probl.25,
979 403 1028 441 18
1058 395 1117 439 διὰ
1145 402 1183 438 τί
1202 405 1267 454 τῆς
1287 400 1428 453 αἰθρίας
1448 403 1588 454 μᾶλλον

194 465 307 524 ψῦχος
327 469 513 525 γίνεται
496 486 519 525 η
547 471 763 526 ἐπινεφέλων
790 470 914 510 ὄνων.

565 589 604 638 2)
643 588 873 627 Accusat.
911 587 1206 627 absolutus.

317 677 458 718 Μετεόν
484 681 515 718 ΙΙ
537 680 624 728 178,
655 679 814 717 13—-14
841 678 920 715 ὅσαι
947 672 988 715 δὲ
1016 676 1126 715 ἄλλαι
1152 678 1271 721 πόλιες
1299 685 1584 731 μεταποιεῦνται,

188 743 291 789 οὐδέν
318 762 378 802 σφι
405 748 544 802 μετεὸν,
559 752 834 801 μεταποιεῦνται
862 747 930 799 (sc.
958 752 1024 785 τοῦ
1051 747 1243 800 τεμένεος).
1283 749 1339 787 lta
1368 748 1541 799 Thucyd.
1572 750 1586 787 Ι

191 820 257 870 28,
292 821 308 858 1
340 822 388 863 ὡς
415 820 456 856 οὐ
484 818 593 872 μετὸν
621 819 741 861 αὐτοῖς
769 810 999 870 Ἐπιδάμνου.

316 886 566 930 Adnotatio
598 885 633 935 1.>
687 888 754 937 (ad
781 887 922 931 Herod.
952 888 981 925 ΙΙ
1024 889 1100 926 178
1139 888 1289 940 μετ-εον).
1338 889 1486 939 Heikel‚
1528 890 1584 929 De

188 963 287 1009 part.
317 970 380 1009 ap.
409 958 452 997 H.
482 970 566 1006 usu,
595 957 863 997 demonstrare
890 957 1028 1008 studet,
1058 959 1260 1008 participia
1288 959 1467 999 absoluta
1494 974 1584 1013 παρ-

187 1029 285 1082 έχον,
322 1028 463 1082 παρεόν,
502 1022 621 1076 δόξαν,
661 1027 765 1080 ὲχεόν
802 1028 885 1066 sim.
916 1028 1031 1067 etiam
1069 1030 1173 1078 apud
1202 1029 1439 1068 Herodotum
1479 1042 1578 1068 »non

187 1100 302 1149 plane
327 1099 502 1139 seiuncta
530 1110 615 1138 esse
642 1110 666 1137 a
695 1100 999 1145 constructione«
1033 1099 1328 1149 enuntiationis,
1372 1099 1439 1138 sed
1468 1111 1582 1149 posse

188 1170 325 1214 haberi
361 1181 431 1220 pro
468 1169 785 1220 appositionibus.
834 1168 948 1208 Velut
984 1169 1122 1208 Herod.
1152 1170 1197 1208 111
1225 1171 1289 1215 65,
1331 1171 1379 1209 18
1409 1164 1583 1224 ἀδελφεο-

188 1239 310 1284 κτόνος
347 1233 448 1277 οὐδὲν
485 1233 565 1277 δέον
601 1241 735 1292 γέγονα
771 1238 886 1278 refert
913 1239 1045 1279 Heikel
1075 1240 1128 1289 (p.
1164 1240 1251 1289 126)
1281 1245 1378 1290 part.
1409 1226 1492 1285 δέον
1520 1240 1577 1292 (rr-⁷

187 1314 336 1363 πρῆγμα
363 1303 458 1360 δέον)
487 1309 538 1348 ad
567 1303 866 1362 ἀδελφεοκτόνος,
906 1313 948 1347 ut
980 1309 1079 1349 haec
1106 1311 1155 1347 sit
1183 1311 1390 1349 sententia:
1434 1311 1581 1349 »factus

187 1392 273 1418 sum
301 1380 431 1419 fratris
458 1379 688 1429 interfector,
716 1392 778 1418 ιω
797 1364 876 1419 non
895 1381 1152 1418 necessaria«.
1190 1380 1219 1418 11
1245 1381 1333 1429 148,
1362 1380 1386 1418 2
1416 1374 1522 1428 δόξαν
1542 1374 1582 1419 δέ

188 1462 247 1502 σφι
275 1447 485 1501 ὲποιήσαπο
513 1448 729 1501 λαβύρινθον
764 1448 957 1488 »fecerunt
984 1448 1257 1499 labyrinthum,
1286 1461 1368 1488 rem
1396 1461 1421 1487 a
1449 1462 1490 1488 se
1518 1450 1583 1488 de-

187 1514 374 1559 cretam«.
404 1519 548 1558 Eodem
577 1519 694 1557 modo
723 1518 874 1558 videtur
901 1518 1070 1563 Heikelio
1099 1519 1151 1570 (p.
1189 1519 1277 1569 127)
1312 1520 1582 1570 explicandum

187 1590 447 1630 Herodoteum
486 1589 579 1628 illud
621 1590 864 1629 enuntiatum
901 1590 930 1628 11
967 1590 1042 1628 178
1079 1583 1181 1631 οὐδέν
1214 1603 1273 1643 σφι
1301 1591 1439 1643 μετεὸνι
1470 1604 1583 1644 μετα-

186 1666 367 1700 ποιεῦνται
390 1661 485 1699 ›sibi
512 1661 710 1700 vindicant
737 1660 961 1700 delubrum:
991 1672 1072 1701 rem
1102 1661 1211 1700 cuius
1239 1673 1317 1700 non
1348 1666 1438 1701 sunt
1465 1662 1583 1712 parti-

188 1733 330 1782 cipes«.
374 1733 600 1781 Perperam;
639 1731 853 1781 scripsisset
880 1734 964 1770 tum
992 1731 1211 1770 Herodotus
1237 1732 1440 1784 μετεόντος,
1479 1732 1583 1782 quod

188 1803 358 1853 postulat
375 1814 410 1840 v.
430 1798 723 1854 μεταποιεῦνταιῐ
754 1798 895 1839 Μετεόν
923 1802 1126 1842 manifesto
1155 1814 1179 1841 a
1207 1803 1494 1842 constructione
1521 1814 1583 1842 se-

189 1873 361 1913 iunctum
390 1872 567 1912 absolute
594 1875 653 1911 est
681 1871 859 1921 positum.
888 1871 1009 1919 Magis
1037 1872 1168 1922 itaque
1188 1872 1238 1910 ad
1258 1884 1394 1912 verum
1423 1873 1581 1912 accede-

189 1956 287 1994 muS,
315 1944 348 1982 si
365 1943 624 1987 statuerimus,
646 1936 890 1992 'temporibus
908 1942 1092 1982 Herodoti
1110 1944 1393 1993 partieipia'illa
1422 1955 1580 1993 prorsus

188 2017 300 2053 extra
327 2013 651 2053 constructionem
680 2013 955 2052 enuntiationis
984 2013 1112 2062 fuisse,
1143 2013 1300 2061 vestigia
1319 2025 1412 2052 vero
1431 2013 1580 2063 pristini

188 2084 341 2124 artioris
369 2095 504 2123 eorum
533 2095 656 2123 nexus
684 2083 927 2132 grammatici
955 2087 1105 2122 tantum
1134 2084 1238 2134 apud
1272 2084 1480 2123 Homerum
1511 2096 1581 2134 ap-

188 2166 325 2206 parere
351 2165 476 2204 eaque
502 2165 581 2193 non
610 2154 816 2204 permulta,
854 2157 897 2193 ut
924 2153 1221 2193 luculentissime
1249 2154 1379 2193 docuit
1406 2153 1579 2193 Classen.
1607 2184 1610 2186 v

319 2222 567 2266 Adnotatio
597 2221 635 2264 2.
690 2224 850 2274 Horum,
878 2225 943 2274 qui
971 2225 1146 2264 absolute
1175 2229 1422 2274 usurpantur,
1462 2225 1581 2274 parti-

188 2296 375 2347 cipiorum
394 2294 608 2334 subiectum
628 2306 713 2335 esse
729 2294 869 2333 τούτων
894 2294 1069 2347 (τούτου),
1098 2293 1322 2348 πραγμάτων
1341 2295 1580 2334 contendunt

188 2369 534 2406 commentatores:
572 2366 744 2413 Krueger
780 2366 843 2417 (cf.
876 2368 940 2405 Gr.
971 2378 1026 2414 gr.
1056 2367 1120 2415 4x7,
1159 2368 1195 2412 4,
1235 2367 1386 2415 3—5),
1418 2368 1575 2416 Abicht,

189 2437 298 2478 Stein
325 2437 355 2487 (1
388 2435 474 2485 126,
503 2435 566 2475 27.
607 2435 641 2474 V
672 2435 733 2486 12,
768 2437 814 2485 l).
867 2437 960 2476 ltem
989 2436 1173 2477 Kuehner
1200 2439 1223 2486 ξ
1252 2439 1349 2487 486,
1385 2438 1403 2476 1
1434 2437 1524 2476 adn.
1554 2438 1579 2476 2

186 2512 226 2549 et
251 2507 383 2547 Heikei
409 2506 433 2545 1.
454 2518 485 2544 c.
514 2518 552 2556 p.
581 2495 645 2545 4'7.
673 2507 785 2556 (xen.
806 2507 878 2546 An.
894 2508 939 2546 111
963 2508 993 2557 1,
1021 2508 1076 2546 40
1104 2507 1199 2545 ὥστε
1226 2507 1322 2545 οὕτω
1350 2506 1386 2561 γ’
1415 2508 1574 2562 ἑχόντων

315 2576 348 2602 A.
367 2575 432 2607 sus.
449 2569 609 2599 modeim.
642 2574 682 2599 De
698 2580 786 2602 onum.
805 2577 875 2607 nubs.
892 2577 1050 2603 cunnum.
1327 2572 1349 2605 8
