1836 2828
783 128 1057 172 ,56-

219 263 310 314 inii).
359 263 506 305 Tuetur
543 262 644 302 hanc
682 263 913 302 sententiam
951 262 1051 302 inter
1084 263 1361 311 grammaticos
1389 262 1621 304 recentiores

218 336 345 386 solus,
375 336 479 386 quod
509 335 650 385 sciam,
679 333 851 383 Madvig,
880 333 987 383 Synt.
1017 332 1039 384 ξ
1071 334 1145 373 181
1176 334 1265 374 adn.
1295 337 1322 375 4
1349 337 1397 385 c).
1444 334 1541 375 Vide
1568 335 1621 375 sis

215 407 332 446 etiam
362 408 401 445 F.
431 407 479 446 de
498 406 701 454 Saussure,
731 404 778 444 de
807 405 828 443 l’
857 404 998 455 emploi
1025 404 1078 443 du
1107 404 1242 452 acuitis
1265 405 1404 445 absolu
1433 417 1482 446 en
1510 417 1620 446 sans-

218 478 300 526 erit,
330 477 485 516 Gencve
517 476 618 515 1881
651 488 688 525 p.
721 477 744 514 7
775 476 913 524 (genet.
944 474 1094 525 ὕοντος).

350 546 462 596 Apud
507 544 747 584 Herodotum
790 544 988 595 praevalet
1030 555 1114 593 gen.
1154 544 1276 584 absol.
1315 545 1400 586 sine
1437 545 1620 597 subiecto,

219 618 450 666 saepiusque
493 616 548 654 ita
589 616 828 654 construitur
870 614 968 664 plur.
1012 619 1131 664 μῆτις
1176 626 1305 654 accus.
1344 616 1466 655 absol.
1503 617 1621 656 semel

220 690 371 725 tantum
401 686 506 734 apud
535 697 622 724 eum
653 684 736 724 sine
763 685 938 724 subiecto
967 685 1143 724 occurrit.

640 799 677 847 1)
716 800 884 838 Genet.
924 798 1210 837 absolutus.

349 897 392 937 a)
419 897 548 935 Neutr.
579 896 695 944 sing:
735 895 774 945 α)
803 893 1024 948 σημήναντος
1053 895 1134 934 an
1167 895 1225 945 11,
1255 895 1281 934 3
1310 888 1460 948 δεύτερα
1488 889 1528 933 δὲ
1556 909 1620 950 ση-

220 966 396 1020 μήναντος
416 970 520 1019 ἔργου
540 968 693 1019 εἴχοντο.
716 967 754 1015 β)
776 967 938 1004 ἀνοίστου
958 965 1148 1019 γενομένου
1168 978 1278 1004 »cum
1299 966 1463 1005 relatum
1482 970 1621 1015 esset«,

218 1037 268 1076 VI
297 1037 362 1086 66,
393 1039 417 1076 4
448 1038 512 1075 ἀν.
543 1031 575 1075 δ.
606 1050 641 1090 γ.
673 1037 715 1074 ἐκ
742 1037 901 1090 προνοίης
918 1040 984 1088 τῆς
1003 1034 1224 1089 Κλεομένεος
1244 1035 1286 1080 ἐς
1305 1033 1390 1089 τὴν
1410 1033 1518 1073 Πυθ
1542 1036 1622 1089 ίηνν

220 1106 422 1161 Ἀναφέρειν
451 1108 531 1154 (lat.
562 1107 719 1156 referre)
749 1107 927 1146 absolute
958 1107 1062 1157 apud
1091 1107 1231 1147 Herod.
1262 1108 1276 1145 1
1308 1107 1383 1146 157
1413 1109 1446 1145 οἱ
1473 1099 1512 1144 δὲ
1541 1104 1618 1144 Κυ-

219 1185 315 1232 μαῖοι
345 1182 504 1232 ἔγνωσαν
532 1179 734 1230 συμβουλῆς
761 1177 838 1230 πέρι
867 1178 902 1222 ἐς
929 1177 1019 1215 ,θεὸν
1049 1179 1203 1225 ἀνοῖσαι,
1243 1178 1288 1216 111
1316 1178 1382 1229 71,
1419 1176 1473 1216 20
1501 1177 1619 1215 ἐπείτε

219 1243 259 1286 δὲ
297 1252 377 1301 ὑμῖν
416 1248 598 1302 ἀναφέρειν
637 1248 671 1292 ἐς
708 1250 861 1291 πλεῦνας
899 1241 1032 1285 ἐδόκεε.
1091 1247 1145 1286 Cf.
1176 1247 1322 1296 Cicero,
1362 1247 1473 1286 Verr.
1502 1249 1539 1296 4,
1568 1247 1620 1285 49

219 1320 369 1358 aditum
398 1322 457 1358 est
484 1319 536 1357 ad
564 1318 684 1357 libros
711 1318 929 1367 Sibyllinos.

354 1388 392 1437 b)
421 1389 556 1427 Neutr.
586 1388 748 1439 plural.:
792 1388 831 1437 α)
861 1391 908 1431 ὡς
936 1387 1032 1424 οὔτω
1062 1381 1165 1437 (ὧδε)
1196 1386 1366 1439 ἑχόντων,
1406 1387 1421 1424 Ι
1453 1386 1540 1434 126,
1569 1385 1620 1424 27

219 1461 266 1502 ὡς
294 1454 342 1495 ὦν
372 1458 531 1511 ἑχόντων
560 1451 644 1506 ὧδε,
675 1458 883 1496 ἀπίστασθε
912 1455 974 1495 ἀπ’
994 1455 1224 1510 Ἀστυάγεος,
1254 1456 1335 1495 Vll!
1364 1457 1451 1500 144,
1482 1455 1534 1495 25
1562 1460 1622 1493 νῦν

220 1522 271 1576 δέ,
308 1531 356 1572 ὡς
384 1528 480 1566 οὕτω
511 1528 681 1581 ἐχόντων,
721 1526 890 1581 στρατιὴν
917 1531 965 1572 ὡς
992 1526 1154 1581 τάχιστα
1182 1526 1398 1580 ἐκπέμπετε.
1448 1527 1494 1566 V.
1525 1528 1622 1572 Xen,

220 1600 291 1639 An.
310 1601 358 1650 3,
392 1600 424 1649 1,
453 1600 508 1639 40
536 1599 631 1637 ὥστε
659 1601 753 1637 οὕτω
782 1597 817 1652 γ’
846 1598 1006 1652 ἐχόντων
1033 1600 1099 1637 οὐκ
1126 1591 1206 1637 οἶδα
1234 1597 1311 1637 κτὲ.
1363 1598 1471 1638 Plato
1508 1597 1620 1638 Civit.

220 1672 297 1709 381
329 1684 350 1709 c
378 1673 490 1714 οὓτως
519 1673 676 1723 ἔχοντος.
725 1671 781 1710 De
819 1670 956 1720 plurali
993 1670 1040 1708 cf.
1072 1671 1167 1709 Xen.
1199 1670 1285 1719 Cyr.
1315 1670 1352 1717 5,
1380 1671 1417 1719 3,
1449 1669 1499 1708 13
1527 1671 1621 1707 οὓτω

220 1741 284 1794 μὲν
313 1740 541 1794 γιγνομένων.
591 1740 683 1780 Heu.
713 1740 748 1788 2,
778 1742 814 1790 4,
844 1740 896 1779 29
925 1740 1021 1778 οὕτω
1050 1733 1090 1778 δὲ
1118 1739 1399 1794 προχωρούντων
1427 1738 1621 1789 (Kuehner

219 1814 244 1860 ἓ
272 1813 364 1860 486,
397 1814 415 1850 1
447 1812 534 1850 adn.
565 1812 618 1859 2).

351 1882 389 1933 β)
417 1881 690 1931 τελεωθέντων,
720 1881 753 1920 V
777 1881 836 1931 12,
868 1882 886 1920 1
909 1881 1171 1920 τελεωθέντων
1190 1874 1231 1920 δὲ
1251 1880 1476 1935 ἀμφοτέροισι
1510 1892 1620 1921 »cum

221 1954 374 2003 utrique
412 1953 653 1991 satisfactum
691 1956 832 1991 esset».
890 1952 949 1991 Cf.
979 1952 1224 2002 impersonal.
1263 1955 1387 1991 neutr.
1425 1951 1619 2002 pluralis-2

222 2023 396 2074 Thucyd.
427 2024 440 2062 l
473 2023 560 2073 116,
590 2024 615 2062 3
645 2023 950 2076 ὲσαγγελὲέντων
987 2022 1043 2061 ὅτι
1070 2020 1254 2061 Φοίνισσαι
1290 2026 1369 2076 νῆες
1407 2020 1464 2060 ἐπ’
1491 2021 1621 2066 αὐτοὺς

218 2096 385 2132 πλέουσιν
414 2117 463 2121 -
494 2094 670 2134 similiter
697 2093 960 2147 σημανθέντων
978 2094 1075 2134 Xen.
1106 2093 1196 2144 Cyr.
1230 2094 1262 2139 1,
1291 2095 1329 2143 4,
1361 2093 1421 2134 18.
1451 2092 1620 2143 Compa-

220 2166 298 2204 rari
337 2169 501 2214 possunt
539 2165 698 2204 ablativi
736 2165 904 2204 absoluti
942 2165 1134 2215 participii
1172 2165 1212 2203 in
1240 2167 1380 2204 neutro
1418 2175 1501 2212 gen.
1538 2163 1622 2203 sine

221 2236 395 2275 subiecto
432 2236 546 2286 positi
582 2235 687 2286 apud
725 2235 866 2275 latinos
902 2235 1128 2286 scriptores:
1167 2235 1371 2286 explorato
1398 2234 1528 2274 Livius
1557 2232 1621 2283 23,

221 2306 273 2345 42
303 2311 340 2345 et
368 2307 434 2345 43.
465 2307 633 2356 Tacitus,
661 2307 756 2345 Hist.
788 2307 824 2355 3,
854 2307 908 2346 20
935 2318 1025 2356 non,
1053 2307 1084 2345 si
1105 2309 1264 2356 pateant
1288 2310 1435 2356 portae,
1463 2305 1536 2360 nisi
1554 2316 1622 2344 cx-

221 2376 383 2426 plorato,
413 2377 486 2416 nisi
516 2377 577 2416 die
606 2377 831 2416 intrandum
861 2378 1104 2427 (imperson.:
1133 2376 1227 2416 Hist.
1267 2377 1303 2426 2,
1336 2377 1389 2415 49
1418 2375 1620 2425 explorato

221 2448 298 2486 iam
329 2447 521 2497 profectos
550 2447 724 2495 amicos).
743 2449 979 2496 lnaugurato
997 2448 1076 2487 Liv.
1101 2448 1136 2500 1,
1158 2448 1211 2486 36
1231 2451 1270 2486 et
1290 2448 1353 2485 44.
1374 2447 1478 2486 Idem
1498 2446 1534 2494 5,
1555 2445 1618 2489 38,

224 2517 243 2558 1
275 2529 346 2559 nec
373 2518 575 2569 auspicato
613 2529 684 2558 nec
709 2518 829 2557 litato.
858 2518 914 2558 Cf.
943 2519 1121 2568 Draeger,
1148 2517 1247 2557 Hist.
1275 2518 1384 2569 Synt.
1413 2517 1444 2555 11
1472 2517 1497 2566 ξ
1525 2516 1617 2556 584.
