1836 2828
794 143 1064 182 ..34-

224 269 422 324 καλλιερέει
450 270 499 308 τὰ
528 269 583 323 ἱρά
605 289 637 301 --·
665 269 764 308 καλὰ
791 271 840 308 τὰ
869 271 926 323 ἱροὶ
955 270 1090 323 γίνεται
1125 272 1302 310 »νίοῐίῐηιὶ
1332 272 1453 310 litat«.
1483 270 1625 309 Forma

224 346 353 380 autem
392 341 670 394 καλλιερέεσῖσαι
708 342 979 380 tantummodo
1017 342 1056 380 in
1094 340 1222 381 medio
1250 342 1457 381 adhibetur
1485 341 1625 389 signifi-

221 417 363 461 catque
397 411 665 465 »μαντεύεσθαι
692 405 752 450 διὰ
780 410 1023 465 σπλάγχνωνι
1058 413 1112 463 (ε
1136 408 1328 463 δύεσθαι).
1360 413 1414 452 De
1441 422 1520 462 quo
1548 422 1623 451 usu

225 483 332 520 vocis
360 484 468 520 καλλ.
499 483 604 531 apud
634 482 873 521 Herodotum
895 483 933 521 in
953 483 1177 521 universum
1205 481 1295 522 vide
1313 481 1366 521 sis
1384 483 1474 522 adn.
1493 481 1627 521 Steinii

224 553 274 591 ad
303 553 367 591 Vll
402 554 489 602 113,
522 554 582 592 10.

356 623 554 673 Aetivum,
593 623 676 662 sine
703 624 899 663 subiecto:
940 623 1059 674 (Her.)
1089 623 1154 662 VII
1188 625 1285 674 134,
1324 624 1430 663 6——7
1462 622 1557 677 μετά
1586 616 1625 660 δὲ

222 700 343 731 ταῦτα
371 701 461 732 τοῖσι
489 693 733 748 Σπαρτιήτῃσι
761 697 992 748 καλλιερῆσαι
1020 694 1225 748 θυομένοισι
1259 697 1325 732 οὐκ
1353 689 1524 742 ἐδύνσιτο,
1563 695 1625 742 IX,

228 765 287 812 19,
317 766 341 802 8
372 764 419 808 ὥς
447 778 506 818 σφι
535 764 749 818 ἐκαλλιέρεε,
780 765 823 803 τὸ
852 764 972 818 πρόσω
1001 764 1222 818 ἐπορεύοντο.
1253 766 1304 804 IX
1324 765 1391 817 96,
1425 765 1442 803 l
1466 762 1567 802 Τοῖσι
1586 757 1626 801 δὲ

224 832 381 888 Ἕλλησι
399 838 447 879 ὡς
467 835 699 888 ἐκαλλιέρησε
729 837 861 888 ἀνῆγον
888 836 957 880 τὰς
976 835 1066 880 νέοις.
1098 837 1207 884 Rem,
1237 837 1347 874 euius
1366 847 1487 874 causa
1506 835 1625 873 sacri-

226 906 374 954 fleatur,
412 907 591 955 exprimit
620 906 849 944 infinitivus:
889 907 939 944 IX
968 906 1038 956 38,
1077 907 1102 945 5
1130 909 1178 950 ὡς
1206 900 1246 944 δὲ
1273 907 1339 943 οὐκ
1375 905 1578 958 ἐκαλλιέρεε
1594 904 1624 954 ¹)

224 975 320 1012 ὥστε
348 973 539 1027 μάχεσθαι
567 975 652 1013 οὔτε
682 978 818 1012 αὐτοῖσι
848 975 1004 1029 Πέρσῃσι
1032 975 1116 1013 οὔτε
1143 982 1234 1013 τοῖσι
1262 974 1342 1028 μετ’
1362 976 1504 1013 ἐκείνων
1532 975 1626 1012 ἐοῦσι

225 1044 421 1098 Ἑλλήνων.
466 1045 515 1084 Vi
545 1047 617 1095 76,
656 1049 681 1084 8
710 1047 771 1084 καὶ
798 1048 839 1083 οὐ
868 1047 937 1099 γὰρ
967 1046 1170 1100 ἐκαλλιέρεε
1187 1048 1218 1095 ¹)
1246 1040 1410 1099 οὐδαμῶς
1438 1040 1625 1095 διαβαίνειν

224 1130 281 1169 μιν
309 1117 347 1165 (i.
378 1127 410 1155 e.
441 1116 632 1170 ποταμόν).
692 1116 746 1156 Cf.
778 1117 843 1156 lat.
872 1117 1023 1156 litatum
1061 1121 1120 1156 est
1159 1116 1269 1167 (Plin.
1299 1117 1343 1156 N.
1373 1116 1419 1156 H.
1455 1117 1512 1167 10,
1543 1116 1624 1166 75).

224 1188 323 1227 Cum
352 1188 525 1227 subiecto
553 1188 604 1226 τὰ
631 1187 686 1241 ἱρά
714 1189 832 1228 semel
860 1192 1032 1228 tantum:
1070 1188 1121 1227 IX
1155 1189 1221 1238 19,
1260 1189 1286 1227 6
1314 1187 1625 1241 καλλιερησάντων

223 1264 297 1295 τῶν
318 1260 397 1311 ἱρῶν
408 1258 441 1309 2)
471 1258 679 1311 ἐπορεύοντο
698 1257 841 1303 πάντες.
872 1258 1149 1309 Frequentiora
1169 1262 1260 1297 sunt
1278 1267 1505 1309 synonyma,
1534 1258 1626 1296 sub-

224 1330 323 1369 ieeto
361 1334 492 1368 tamen
532 1330 687 1369 addito:
726 1330 761 1368 V
789 1332 863 1379 44,
905 1331 954 1369 13
984 1331 1102 1368 ἐπείτε
1134 1333 1167 1367 οἱ
1193 1330 1243 1368 τοὶ
1271 1329 1327 1382 ἱροὶ
1355 1331 1396 1367 οὑ
1423 1329 1626 1382 προεχώρεε

224 1399 367 1452 χρηστὰ
391 1399 577 1452 θυομένῳ,
608 1400 657 1438 VI
682 1400 769 1449 112,
806 1402 815 1438 1
850 1403 897 1443 ὡς
925 1393 966 1437 δέ
995 1410 1055 1452 σφι
1083 1393 1296 1438 διετέτακτο
1323 1400 1385 1437 καὶ
1411 1399 1461 1437 τοὶ
1490 1397 1625 1452 σφάγια

224 1470 361 1522 ἐγίνετο
390 1468 500 1518 καλά,
540 1470 585 1508 cf.
616 1471 663 1508 IX
696 1470 760 1519 36,
790 1470 824 1508 3.
856 1470 919 1519 37,
949 1471 986 1508 3.
1016 1471 1081 1518 45,
1117 1470 1177 1509 10.
1209 1470 1272 1517 61,
1305 1470 1365 1508 11.
1400 1470 1461 1508 15.
1493 1469 1556 1519 62,
1585 1470 1624 1508 5.

223 1540 390 1579 Medium
420 1539 696 1594 καλλιερέεσθαι
731 1552 867 1579 »sacra
895 1540 1044 1580 faeere«
1077 1540 1128 1578 VI
1156 1540 1219 1590 82,
1258 1542 1296 1579 9.
1335 1540 1401 1578 VII
1434 1539 1521 1585 134,
1561 1540 1623 1579 10.

227 1611 315 1659 167,
345 1611 380 1648 7.
410 1611 460 1648 IX
490 1610 553 1660 92,
584 1612 624 1649 7.

358 1678 621 1723 Adnotatio.
679 1681 863 1720 Schaefer
900 1682 951 1720 ad
988 1682 1184 1720 Lamberti
1223 1683 1315 1730 Bos,
1356 1682 1410 1721 De
1437 1681 1554 1730 ellips.
1583 1681 1622 1719 L.

224 1753 288 1789 Gr.
319 1763 357 1800 p.
387 1751 477 1800 213,
507 1751 735 1801 Schweigh.,
765 1753 852 1790 Lex.
882 1765 911 1790 s.
943 1765 988 1800 v.,
1020 1751 1159 1801 Baehr,
1187 1751 1329 1790 Abicht
1357 1752 1443 1790 adn.
1466 1752 1515 1790 ad
1536 1751 1622 1790 Her.

223 1821 272 1859 Vl
294 1823 355 1860 76.
387 1822 451 1859 Vll
477 1822 552 1860 134
581 1823 742 1870 iungunt
770 1822 967 1875 καλλιερέει
995 1833 1084 1861 eum
1114 1822 1271 1861 nomine
1299 1821 1624 1869 subintellegendo

224 1891 275 1928 τὰ
304 1889 371 1944 ἱρά.

308 2062 331 2102 ¹)
354 2059 398 2094 IX
421 2062 473 2102 38,
497 2060 527 2094 ὃ.
556 2062 632 2095 Non
655 2065 744 2095 recte
768 2063 907 2095 Passow
929 2065 963 2095 et
985 2063 1201 2104 Pape-Seng.
1225 2063 1291 2096 hoc
1313 2066 1346 2095 et
1369 2064 1521 2104 sequenti
1545 2064 1620 2096 loco

355 2121 395 2162 (V
398 2122 409 2153 Ι
426 2120 480 2163 76)
504 2122 654 2153 referunt
680 2119 840 2163 ἐκαλλιέρεε
862 2121 905 2154 ad
928 2130 1109 2163 personum
1129 2130 1184 2154 »er
1205 2120 1355 2163 erlangte
1379 2122 1476 2155 keine
1498 2123 1626 2163 gimmi-

354 2189 417 2221 gen
440 2180 619 2212 Zeiehen‹·
662 2180 698 2212 In
722 2180 833 2221 priore
863 2181 1018 2221 exemplo
1042 2181 1130 2213 inter
1152 2179 1273 2213 Persas
1296 2190 1395 2213 sacra
1417 2181 1498 2214 flacit
1521 2181 1626 2223 Hege-

354 2239 511 2272 sistratus
536 2239 579 2281 (v.
604 2239 713 2281 2···3)‚
737 2240 824 2272 inter
847 2240 1004 2280 Graecos,
1029 2240 1087 2281 qui
1110 2240 1144 2273 in
1167 2241 1288 2273 castris
1312 2240 1492 2273 Persarum
1516 2244 1624 2281 erant,

355 2296 452 2340 μάν-ας
475 2299 658 2341 Ἱππόμαχος
680 2303 726 2339 (ν.
745 2300 786 2340 7).
816 2298 1072 2341 Exspectaveris
1096 2299 1196 2341 igitur
1218 2303 1290 2333 tum
1315 2300 1449 2332 dualem
1473 2300 1529 2332 vel
1552 2301 1624 2342 plu-

355 2358 460 2389 ralem
492 2366 681 2390 numerum.
723 2358 802 2390 Sine
833 2358 984 2391 subiecto
1016 2359 1164 2400 positum
1195 2362 1247 2391 est
1277 2357 1436 2400 ἐκαλλιέρεε
1458 2358 1560 2390 etiam
1585 2359 1625 2392 VI

357 2417 399 2449 76
423 2416 481 2454 ita,
505 2420 541 2449 ut
564 2418 619 2450 Vll
644 2417 708 2449 134
743 2417 785 2449 IX
811 2418 862 2450 19.
886 2418 937 2450 38.
962 2417 1014 2451 96.

305 2477 329 2517 ἱ9)
353 2477 396 2508 IX
422 2477 472 2515 19,
498 2477 645 2518 Krueger
669 2477 788 2519 (1856),
814 2478 906 2509 Stein
931 2478 996 2510 ²ed.
1019 2488 1077 2518 cr„
1102 2478 1473 2519 Dietsch—Kallenberg
1496 2482 1625 2520 putant,

355 2544 471 2567 vocem
498 2536 555 2566 τῶν
577 2534 646 2578 ἱρῶν
669 2545 745 2568 esse
768 2536 961 2568 insiticiam.
